%YAML 1.1
%TAG !u! tag:unity3d.com,2011:
--- !u!1 &1256801051671420986
GameObject:
  m_ObjectHideFlags: 0
  m_CorrespondingSourceObject: {fileID: 0}
  m_PrefabInstance: {fileID: 0}
  m_PrefabAsset: {fileID: 0}
  serializedVersion: 6
  m_Component:
  - component: {fileID: 8918247528194422727}
  - component: {fileID: 6381464498532063421}
  m_Layer: 12
  m_Name: AttackRange
  m_TagString: Untagged
  m_Icon: {fileID: 0}
  m_NavMeshLayer: 0
  m_StaticEditorFlags: 0
  m_IsActive: 1
--- !u!4 &8918247528194422727
Transform:
  m_ObjectHideFlags: 0
  m_CorrespondingSourceObject: {fileID: 0}
  m_PrefabInstance: {fileID: 0}
  m_PrefabAsset: {fileID: 0}
  m_GameObject: {fileID: 1256801051671420986}
  m_LocalRotation: {x: 0, y: 0, z: 0, w: 1}
  m_LocalPosition: {x: 0, y: 0.69, z: 0}
  m_LocalScale: {x: 5.43, y: 6.94, z: 1}
  m_Children: []
  m_Father: {fileID: 7065072956090379373}
  m_RootOrder: 1
  m_LocalEulerAnglesHint: {x: 0, y: 0, z: 0}
--- !u!61 &6381464498532063421
BoxCollider2D:
  m_ObjectHideFlags: 0
  m_CorrespondingSourceObject: {fileID: 0}
  m_PrefabInstance: {fileID: 0}
  m_PrefabAsset: {fileID: 0}
  m_GameObject: {fileID: 1256801051671420986}
  m_Enabled: 1
  m_Density: 1
  m_Material: {fileID: 0}
  m_IsTrigger: 1
  m_UsedByEffector: 0
  m_UsedByComposite: 0
  m_Offset: {x: 0, y: 0}
  m_SpriteTilingProperty:
    border: {x: 0, y: 0, z: 0, w: 0}
    pivot: {x: 0, y: 0}
    oldSize: {x: 0, y: 0}
    newSize: {x: 0, y: 0}
    adaptiveTilingThreshold: 0
    drawMode: 0
    adaptiveTiling: 0
  m_AutoTiling: 0
  serializedVersion: 2
  m_Size: {x: 1, y: 1}
  m_EdgeRadius: 0
--- !u!1 &4818580013921640441
GameObject:
  m_ObjectHideFlags: 0
  m_CorrespondingSourceObject: {fileID: 0}
  m_PrefabInstance: {fileID: 0}
  m_PrefabAsset: {fileID: 0}
  serializedVersion: 6
  m_Component:
  - component: {fileID: 1725872739067472160}
  - component: {fileID: 686763015471099596}
  m_Layer: 0
  m_Name: tick_death2
  m_TagString: Untagged
  m_Icon: {fileID: 0}
  m_NavMeshLayer: 0
  m_StaticEditorFlags: 0
  m_IsActive: 0
--- !u!4 &1725872739067472160
Transform:
  m_ObjectHideFlags: 0
  m_CorrespondingSourceObject: {fileID: 0}
  m_PrefabInstance: {fileID: 0}
  m_PrefabAsset: {fileID: 0}
  m_GameObject: {fileID: 4818580013921640441}
  m_LocalRotation: {x: -0, y: -0, z: -0, w: 1}
  m_LocalPosition: {x: -0.25, y: 3, z: 0}
  m_LocalScale: {x: 1, y: 1, z: 1}
  m_Children: []
  m_Father: {fileID: 5948367700765181214}
  m_RootOrder: 23
  m_LocalEulerAnglesHint: {x: 0, y: 0, z: 0}
--- !u!212 &686763015471099596
SpriteRenderer:
  m_ObjectHideFlags: 0
  m_CorrespondingSourceObject: {fileID: 0}
  m_PrefabInstance: {fileID: 0}
  m_PrefabAsset: {fileID: 0}
  m_GameObject: {fileID: 4818580013921640441}
  m_Enabled: 1
  m_CastShadows: 0
  m_ReceiveShadows: 0
  m_DynamicOccludee: 1
  m_MotionVectors: 1
  m_LightProbeUsage: 1
  m_ReflectionProbeUsage: 1
  m_RayTracingMode: 0
  m_RenderingLayerMask: 1
  m_RendererPriority: 0
  m_Materials:
  - {fileID: 10754, guid: 0000000000000000f000000000000000, type: 0}
  m_StaticBatchInfo:
    firstSubMesh: 0
    subMeshCount: 0
  m_StaticBatchRoot: {fileID: 0}
  m_ProbeAnchor: {fileID: 0}
  m_LightProbeVolumeOverride: {fileID: 0}
  m_ScaleInLightmap: 1
  m_ReceiveGI: 1
  m_PreserveUVs: 0
  m_IgnoreNormalsForChartDetection: 0
  m_ImportantGI: 0
  m_StitchLightmapSeams: 1
  m_SelectedEditorRenderState: 0
  m_MinimumChartSize: 4
  m_AutoUVMaxDistance: 0.5
  m_AutoUVMaxAngle: 89
  m_LightmapParameters: {fileID: 0}
  m_SortingLayerID: 0
  m_SortingLayer: 0
  m_SortingOrder: 0
  m_Sprite: {fileID: 21300000, guid: b4a09a8b620a84f4bb173d7289abea6d, type: 3}
  m_Color: {r: 1, g: 1, b: 1, a: 1}
  m_FlipX: 0
  m_FlipY: 0
  m_DrawMode: 0
  m_Size: {x: 5.9, y: 4.7}
  m_AdaptiveModeThreshold: 0.5
  m_SpriteTileMode: 0
  m_WasSpriteAssigned: 1
  m_MaskInteraction: 0
  m_SpriteSortPoint: 0
--- !u!1 &7065072956090379371
GameObject:
  m_ObjectHideFlags: 0
  m_CorrespondingSourceObject: {fileID: 0}
  m_PrefabInstance: {fileID: 0}
  m_PrefabAsset: {fileID: 0}
  serializedVersion: 6
  m_Component:
  - component: {fileID: 7065072956090379373}
  - component: {fileID: 7425866825755605196}
  - component: {fileID: 4758189455437822022}
  - component: {fileID: 3550553461870451960}
  - component: {fileID: 6401093405149592692}
  - component: {fileID: 7508431368569385523}
  m_Layer: 0
  m_Name: Tick
  m_TagString: Untagged
  m_Icon: {fileID: 0}
  m_NavMeshLayer: 0
  m_StaticEditorFlags: 0
  m_IsActive: 1
--- !u!4 &7065072956090379373
Transform:
  m_ObjectHideFlags: 0
  m_CorrespondingSourceObject: {fileID: 0}
  m_PrefabInstance: {fileID: 0}
  m_PrefabAsset: {fileID: 0}
  m_GameObject: {fileID: 7065072956090379371}
  m_LocalRotation: {x: 0, y: 0, z: 0, w: 1}
  m_LocalPosition: {x: 2.88, y: 0, z: 0}
  m_LocalScale: {x: 1, y: 1, z: 1}
  m_Children:
  - {fileID: 5948367700765181214}
  - {fileID: 8918247528194422727}
  m_Father: {fileID: 0}
  m_RootOrder: 0
  m_LocalEulerAnglesHint: {x: 0, y: 0, z: 0}
--- !u!114 &7425866825755605196
MonoBehaviour:
  m_ObjectHideFlags: 0
  m_CorrespondingSourceObject: {fileID: 0}
  m_PrefabInstance: {fileID: 0}
  m_PrefabAsset: {fileID: 0}
  m_GameObject: {fileID: 7065072956090379371}
  m_Enabled: 1
  m_EditorHideFlags: 0
  m_Script: {fileID: 11500000, guid: 859703ab00c478d4eab81298eda6b51e, type: 3}
  m_Name: 
  m_EditorClassIdentifier: 
  _maxHitPoints: 100
  _moveSpeed: 1000
  _attackDebounce: 1
  _moveDebounce: 0.5
  _attackDamage: 10
  _walkingSound: {fileID: 8300000, guid: 4ee3b069f2511b64f8226475f7bb0f9b, type: 3}
  _dyingSound: {fileID: 8300000, guid: 3f9ec886474eb6546ba574dd3f08cc83, type: 3}
--- !u!50 &4758189455437822022
Rigidbody2D:
  serializedVersion: 4
  m_ObjectHideFlags: 0
  m_CorrespondingSourceObject: {fileID: 0}
  m_PrefabInstance: {fileID: 0}
  m_PrefabAsset: {fileID: 0}
  m_GameObject: {fileID: 7065072956090379371}
  m_BodyType: 0
  m_Simulated: 1
  m_UseFullKinematicContacts: 0
  m_UseAutoMass: 0
  m_Mass: 10
  m_LinearDrag: 15
  m_AngularDrag: 0.05
  m_GravityScale: 1
  m_Material: {fileID: 0}
  m_Interpolate: 0
  m_SleepingMode: 1
  m_CollisionDetection: 0
  m_Constraints: 0
--- !u!61 &3550553461870451960
BoxCollider2D:
  m_ObjectHideFlags: 0
  m_CorrespondingSourceObject: {fileID: 0}
  m_PrefabInstance: {fileID: 0}
  m_PrefabAsset: {fileID: 0}
  m_GameObject: {fileID: 7065072956090379371}
  m_Enabled: 1
  m_Density: 1
  m_Material: {fileID: 0}
  m_IsTrigger: 0
  m_UsedByEffector: 0
  m_UsedByComposite: 0
  m_Offset: {x: 0, y: 0}
  m_SpriteTilingProperty:
    border: {x: 0, y: 0, z: 0, w: 0}
    pivot: {x: 0, y: 0}
    oldSize: {x: 0, y: 0}
    newSize: {x: 0, y: 0}
    adaptiveTilingThreshold: 0
    drawMode: 0
    adaptiveTiling: 0
  m_AutoTiling: 0
  serializedVersion: 2
  m_Size: {x: 2.73, y: 2.9}
  m_EdgeRadius: 0
--- !u!95 &6401093405149592692
Animator:
  serializedVersion: 3
  m_ObjectHideFlags: 0
  m_CorrespondingSourceObject: {fileID: 0}
  m_PrefabInstance: {fileID: 0}
  m_PrefabAsset: {fileID: 0}
  m_GameObject: {fileID: 7065072956090379371}
  m_Enabled: 1
  m_Avatar: {fileID: 0}
  m_Controller: {fileID: 9100000, guid: 074e31e9659103840bec260b98d5a8a3, type: 2}
  m_CullingMode: 0
  m_UpdateMode: 0
  m_ApplyRootMotion: 0
  m_LinearVelocityBlending: 0
  m_WarningMessage: 
  m_HasTransformHierarchy: 1
  m_AllowConstantClipSamplingOptimization: 1
  m_KeepAnimatorControllerStateOnDisable: 0
--- !u!82 &7508431368569385523
AudioSource:
  m_ObjectHideFlags: 0
  m_CorrespondingSourceObject: {fileID: 0}
  m_PrefabInstance: {fileID: 0}
  m_PrefabAsset: {fileID: 0}
  m_GameObject: {fileID: 7065072956090379371}
  m_Enabled: 1
  serializedVersion: 4
  OutputAudioMixerGroup: {fileID: 0}
  m_audioClip: {fileID: 8300000, guid: 4ee3b069f2511b64f8226475f7bb0f9b, type: 3}
  m_PlayOnAwake: 0
  m_Volume: 1
  m_Pitch: 1
  Loop: 1
  Mute: 0
  Spatialize: 0
  SpatializePostEffects: 0
  Priority: 128
  DopplerLevel: 1
  MinDistance: 20
  MaxDistance: 500
  Pan2D: 0
  rolloffMode: 0
  BypassEffects: 0
  BypassListenerEffects: 0
  BypassReverbZones: 0
  rolloffCustomCurve:
    serializedVersion: 2
    m_Curve:
    - serializedVersion: 3
      time: 0
      value: 1
      inSlope: 0
      outSlope: 0
      tangentMode: 0
      weightedMode: 0
      inWeight: 0.33333334
      outWeight: 0.33333334
    - serializedVersion: 3
      time: 1
      value: 0
      inSlope: 0
      outSlope: 0
      tangentMode: 0
      weightedMode: 0
      inWeight: 0.33333334
      outWeight: 0.33333334
    m_PreInfinity: 2
    m_PostInfinity: 2
    m_RotationOrder: 4
  panLevelCustomCurve:
    serializedVersion: 2
    m_Curve:
    - serializedVersion: 3
      time: 0
      value: 1
      inSlope: 0
      outSlope: 0
      tangentMode: 0
      weightedMode: 0
      inWeight: 0.33333334
      outWeight: 0.33333334
    m_PreInfinity: 2
    m_PostInfinity: 2
    m_RotationOrder: 4
  spreadCustomCurve:
    serializedVersion: 2
    m_Curve:
    - serializedVersion: 3
      time: 0
      value: 0
      inSlope: 0
      outSlope: 0
      tangentMode: 0
      weightedMode: 0
      inWeight: 0.33333334
      outWeight: 0.33333334
    m_PreInfinity: 2
    m_PostInfinity: 2
    m_RotationOrder: 4
  reverbZoneMixCustomCurve:
    serializedVersion: 2
    m_Curve:
    - serializedVersion: 3
      time: 0
      value: 1
      inSlope: 0
      outSlope: 0
      tangentMode: 0
      weightedMode: 0
      inWeight: 0.33333334
      outWeight: 0.33333334
    m_PreInfinity: 2
    m_PostInfinity: 2
    m_RotationOrder: 4
--- !u!1 &7123122513258136386
GameObject:
  m_ObjectHideFlags: 0
  m_CorrespondingSourceObject: {fileID: 0}
  m_PrefabInstance: {fileID: 0}
  m_PrefabAsset: {fileID: 0}
  serializedVersion: 6
  m_Component:
  - component: {fileID: 7392496663236287174}
  - component: {fileID: 9137533255856396893}
  m_Layer: 0
  m_Name: tick_death1
  m_TagString: Untagged
  m_Icon: {fileID: 0}
  m_NavMeshLayer: 0
  m_StaticEditorFlags: 0
  m_IsActive: 0
--- !u!4 &7392496663236287174
Transform:
  m_ObjectHideFlags: 0
  m_CorrespondingSourceObject: {fileID: 0}
  m_PrefabInstance: {fileID: 0}
  m_PrefabAsset: {fileID: 0}
  m_GameObject: {fileID: 7123122513258136386}
  m_LocalRotation: {x: -0, y: -0, z: -0, w: 1}
  m_LocalPosition: {x: -0.25, y: 3, z: 0}
  m_LocalScale: {x: 1, y: 1, z: 1}
  m_Children: []
  m_Father: {fileID: 5948367700765181214}
  m_RootOrder: 22
  m_LocalEulerAnglesHint: {x: 0, y: 0, z: 0}
--- !u!212 &9137533255856396893
SpriteRenderer:
  m_ObjectHideFlags: 0
  m_CorrespondingSourceObject: {fileID: 0}
  m_PrefabInstance: {fileID: 0}
  m_PrefabAsset: {fileID: 0}
  m_GameObject: {fileID: 7123122513258136386}
  m_Enabled: 1
  m_CastShadows: 0
  m_ReceiveShadows: 0
  m_DynamicOccludee: 1
  m_MotionVectors: 1
  m_LightProbeUsage: 1
  m_ReflectionProbeUsage: 1
  m_RayTracingMode: 0
  m_RenderingLayerMask: 1
  m_RendererPriority: 0
  m_Materials:
  - {fileID: 10754, guid: 0000000000000000f000000000000000, type: 0}
  m_StaticBatchInfo:
    firstSubMesh: 0
    subMeshCount: 0
  m_StaticBatchRoot: {fileID: 0}
  m_ProbeAnchor: {fileID: 0}
  m_LightProbeVolumeOverride: {fileID: 0}
  m_ScaleInLightmap: 1
  m_ReceiveGI: 1
  m_PreserveUVs: 0
  m_IgnoreNormalsForChartDetection: 0
  m_ImportantGI: 0
  m_StitchLightmapSeams: 1
  m_SelectedEditorRenderState: 0
  m_MinimumChartSize: 4
  m_AutoUVMaxDistance: 0.5
  m_AutoUVMaxAngle: 89
  m_LightmapParameters: {fileID: 0}
  m_SortingLayerID: 0
  m_SortingLayer: 0
  m_SortingOrder: 0
  m_Sprite: {fileID: 21300000, guid: 0fe9645ec5097a84a97d41629a22e4e2, type: 3}
  m_Color: {r: 1, g: 1, b: 1, a: 1}
  m_FlipX: 0
  m_FlipY: 0
  m_DrawMode: 0
  m_Size: {x: 6.09, y: 4.96}
  m_AdaptiveModeThreshold: 0.5
  m_SpriteTileMode: 0
  m_WasSpriteAssigned: 1
  m_MaskInteraction: 0
  m_SpriteSortPoint: 0
--- !u!1001 &7065072955446371986
PrefabInstance:
  m_ObjectHideFlags: 0
  serializedVersion: 2
  m_Modification:
    m_TransformParent: {fileID: 7065072956090379373}
    m_Modifications:
    - target: {fileID: -8552772726478804881, guid: f5c75b1fcf60dc54f9fed7152cfdcedb,
        type: 3}
      propertyPath: m_LocalPosition.x
      value: -1.625
      objectReference: {fileID: 0}
    - target: {fileID: -8552772726478804881, guid: f5c75b1fcf60dc54f9fed7152cfdcedb,
        type: 3}
      propertyPath: m_LocalScale.x
      value: 1
      objectReference: {fileID: 0}
    - target: {fileID: -8552772726478804881, guid: f5c75b1fcf60dc54f9fed7152cfdcedb,
        type: 3}
      propertyPath: m_LocalPosition.y
      value: 3.37
      objectReference: {fileID: 0}
    - target: {fileID: -8552772726478804881, guid: f5c75b1fcf60dc54f9fed7152cfdcedb,
        type: 3}
      propertyPath: m_LocalScale.y
      value: 1
      objectReference: {fileID: 0}
    - target: {fileID: -8552772726478804881, guid: f5c75b1fcf60dc54f9fed7152cfdcedb,
        type: 3}
      propertyPath: m_LocalRotation.z
      value: -0
      objectReference: {fileID: 0}
    - target: {fileID: -8552772726478804881, guid: f5c75b1fcf60dc54f9fed7152cfdcedb,
        type: 3}
      propertyPath: m_LocalRotation.w
      value: 1
      objectReference: {fileID: 0}
    - target: {fileID: -8552772726478804881, guid: f5c75b1fcf60dc54f9fed7152cfdcedb,
        type: 3}
      propertyPath: m_LocalEulerAnglesHint.z
      value: 0
      objectReference: {fileID: 0}
    - target: {fileID: -8474611221718535934, guid: f5c75b1fcf60dc54f9fed7152cfdcedb,
        type: 3}
      propertyPath: m_IsActive
      value: 0
      objectReference: {fileID: 0}
    - target: {fileID: -7811848885487391012, guid: f5c75b1fcf60dc54f9fed7152cfdcedb,
        type: 3}
      propertyPath: m_IsActive
      value: 0
      objectReference: {fileID: 0}
    - target: {fileID: -7608490136482972656, guid: f5c75b1fcf60dc54f9fed7152cfdcedb,
        type: 3}
      propertyPath: m_IsActive
      value: 0
      objectReference: {fileID: 0}
    - target: {fileID: -6020195086117912933, guid: f5c75b1fcf60dc54f9fed7152cfdcedb,
        type: 3}
      propertyPath: m_IsActive
      value: 0
      objectReference: {fileID: 0}
    - target: {fileID: -5728307679888301172, guid: f5c75b1fcf60dc54f9fed7152cfdcedb,
        type: 3}
      propertyPath: m_LocalPosition.x
      value: 0
      objectReference: {fileID: 0}
    - target: {fileID: -5728307679888301172, guid: f5c75b1fcf60dc54f9fed7152cfdcedb,
        type: 3}
      propertyPath: m_LocalPosition.y
      value: -2.6643832
      objectReference: {fileID: 0}
    - target: {fileID: -5728307679888301172, guid: f5c75b1fcf60dc54f9fed7152cfdcedb,
        type: 3}
      propertyPath: m_LocalPosition.z
      value: 0
      objectReference: {fileID: 0}
    - target: {fileID: -5728307679888301172, guid: f5c75b1fcf60dc54f9fed7152cfdcedb,
        type: 3}
      propertyPath: m_LocalRotation.x
      value: -0
      objectReference: {fileID: 0}
    - target: {fileID: -5728307679888301172, guid: f5c75b1fcf60dc54f9fed7152cfdcedb,
        type: 3}
      propertyPath: m_LocalRotation.y
      value: -0
      objectReference: {fileID: 0}
    - target: {fileID: -5728307679888301172, guid: f5c75b1fcf60dc54f9fed7152cfdcedb,
        type: 3}
      propertyPath: m_LocalRotation.z
      value: -0
      objectReference: {fileID: 0}
    - target: {fileID: -5728307679888301172, guid: f5c75b1fcf60dc54f9fed7152cfdcedb,
        type: 3}
      propertyPath: m_LocalRotation.w
      value: 1
      objectReference: {fileID: 0}
    - target: {fileID: -5728307679888301172, guid: f5c75b1fcf60dc54f9fed7152cfdcedb,
        type: 3}
      propertyPath: m_RootOrder
      value: 0
      objectReference: {fileID: 0}
    - target: {fileID: -5728307679888301172, guid: f5c75b1fcf60dc54f9fed7152cfdcedb,
        type: 3}
      propertyPath: m_LocalEulerAnglesHint.x
      value: 0
      objectReference: {fileID: 0}
    - target: {fileID: -5728307679888301172, guid: f5c75b1fcf60dc54f9fed7152cfdcedb,
        type: 3}
      propertyPath: m_LocalEulerAnglesHint.y
      value: 0
      objectReference: {fileID: 0}
    - target: {fileID: -5728307679888301172, guid: f5c75b1fcf60dc54f9fed7152cfdcedb,
        type: 3}
      propertyPath: m_LocalEulerAnglesHint.z
      value: 0
      objectReference: {fileID: 0}
    - target: {fileID: -4926233691474148390, guid: f5c75b1fcf60dc54f9fed7152cfdcedb,
        type: 3}
      propertyPath: m_LocalRotation.z
      value: -0
      objectReference: {fileID: 0}
    - target: {fileID: -4926233691474148390, guid: f5c75b1fcf60dc54f9fed7152cfdcedb,
        type: 3}
      propertyPath: m_LocalRotation.w
      value: 1
      objectReference: {fileID: 0}
    - target: {fileID: -4926233691474148390, guid: f5c75b1fcf60dc54f9fed7152cfdcedb,
        type: 3}
      propertyPath: m_LocalEulerAnglesHint.z
      value: 0
      objectReference: {fileID: 0}
    - target: {fileID: -4926233691474148390, guid: f5c75b1fcf60dc54f9fed7152cfdcedb,
        type: 3}
      propertyPath: m_LocalPosition.y
      value: 2.14
      objectReference: {fileID: 0}
    - target: {fileID: -4926233691474148390, guid: f5c75b1fcf60dc54f9fed7152cfdcedb,
        type: 3}
      propertyPath: m_LocalPosition.x
      value: 1.74
      objectReference: {fileID: 0}
    - target: {fileID: -4926233691474148390, guid: f5c75b1fcf60dc54f9fed7152cfdcedb,
        type: 3}
      propertyPath: m_LocalScale.x
      value: 1
      objectReference: {fileID: 0}
    - target: {fileID: -4926233691474148390, guid: f5c75b1fcf60dc54f9fed7152cfdcedb,
        type: 3}
      propertyPath: m_LocalScale.y
      value: 1
      objectReference: {fileID: 0}
    - target: {fileID: -4541001387358543164, guid: f5c75b1fcf60dc54f9fed7152cfdcedb,
        type: 3}
      propertyPath: m_IsActive
      value: 0
      objectReference: {fileID: 0}
    - target: {fileID: -4225544257546836066, guid: f5c75b1fcf60dc54f9fed7152cfdcedb,
        type: 3}
      propertyPath: m_IsActive
      value: 0
      objectReference: {fileID: 0}
    - target: {fileID: -4008655110524089181, guid: f5c75b1fcf60dc54f9fed7152cfdcedb,
        type: 3}
      propertyPath: m_IsActive
      value: 1
      objectReference: {fileID: 0}
    - target: {fileID: -3739827451777076356, guid: f5c75b1fcf60dc54f9fed7152cfdcedb,
        type: 3}
      propertyPath: m_IsActive
      value: 0
      objectReference: {fileID: 0}
    - target: {fileID: -2625582275735668992, guid: f5c75b1fcf60dc54f9fed7152cfdcedb,
        type: 3}
      propertyPath: m_LocalPosition.y
      value: 0.955
      objectReference: {fileID: 0}
    - target: {fileID: -2625582275735668992, guid: f5c75b1fcf60dc54f9fed7152cfdcedb,
        type: 3}
      propertyPath: m_LocalPosition.x
      value: -1.335
      objectReference: {fileID: 0}
    - target: {fileID: -2625582275735668992, guid: f5c75b1fcf60dc54f9fed7152cfdcedb,
        type: 3}
      propertyPath: m_LocalRotation.z
      value: -0
      objectReference: {fileID: 0}
    - target: {fileID: -2625582275735668992, guid: f5c75b1fcf60dc54f9fed7152cfdcedb,
        type: 3}
      propertyPath: m_LocalRotation.w
      value: 1
      objectReference: {fileID: 0}
    - target: {fileID: -2625582275735668992, guid: f5c75b1fcf60dc54f9fed7152cfdcedb,
        type: 3}
      propertyPath: m_LocalEulerAnglesHint.z
      value: 0
      objectReference: {fileID: 0}
    - target: {fileID: -2625582275735668992, guid: f5c75b1fcf60dc54f9fed7152cfdcedb,
        type: 3}
      propertyPath: m_LocalScale.x
      value: 1
      objectReference: {fileID: 0}
    - target: {fileID: -2625582275735668992, guid: f5c75b1fcf60dc54f9fed7152cfdcedb,
        type: 3}
      propertyPath: m_LocalScale.y
      value: 1
      objectReference: {fileID: 0}
    - target: {fileID: -2139741842715353107, guid: f5c75b1fcf60dc54f9fed7152cfdcedb,
        type: 3}
      propertyPath: m_IsActive
      value: 0
      objectReference: {fileID: 0}
    - target: {fileID: -656398603535269061, guid: f5c75b1fcf60dc54f9fed7152cfdcedb,
        type: 3}
      propertyPath: m_LocalPosition.x
      value: -1.745
      objectReference: {fileID: 0}
    - target: {fileID: -656398603535269061, guid: f5c75b1fcf60dc54f9fed7152cfdcedb,
        type: 3}
      propertyPath: m_LocalPosition.y
      value: 2.135
      objectReference: {fileID: 0}
    - target: {fileID: -656398603535269061, guid: f5c75b1fcf60dc54f9fed7152cfdcedb,
        type: 3}
      propertyPath: m_LocalRotation.z
      value: -0
      objectReference: {fileID: 0}
    - target: {fileID: -656398603535269061, guid: f5c75b1fcf60dc54f9fed7152cfdcedb,
        type: 3}
      propertyPath: m_LocalRotation.w
      value: 1
      objectReference: {fileID: 0}
    - target: {fileID: -656398603535269061, guid: f5c75b1fcf60dc54f9fed7152cfdcedb,
        type: 3}
      propertyPath: m_LocalEulerAnglesHint.z
      value: 0
      objectReference: {fileID: 0}
    - target: {fileID: -656398603535269061, guid: f5c75b1fcf60dc54f9fed7152cfdcedb,
        type: 3}
      propertyPath: m_LocalScale.x
      value: 1
      objectReference: {fileID: 0}
    - target: {fileID: -656398603535269061, guid: f5c75b1fcf60dc54f9fed7152cfdcedb,
        type: 3}
      propertyPath: m_LocalScale.y
      value: 1
      objectReference: {fileID: 0}
    - target: {fileID: -45998946975470977, guid: f5c75b1fcf60dc54f9fed7152cfdcedb,
        type: 3}
      propertyPath: m_IsActive
      value: 1
      objectReference: {fileID: 0}
    - target: {fileID: 415030408385376177, guid: f5c75b1fcf60dc54f9fed7152cfdcedb,
        type: 3}
      propertyPath: m_IsActive
      value: 1
      objectReference: {fileID: 0}
    - target: {fileID: 876175110569334558, guid: f5c75b1fcf60dc54f9fed7152cfdcedb,
        type: 3}
      propertyPath: m_IsActive
      value: 1
      objectReference: {fileID: 0}
    - target: {fileID: 2177234378627835705, guid: f5c75b1fcf60dc54f9fed7152cfdcedb,
        type: 3}
      propertyPath: m_IsActive
      value: 1
      objectReference: {fileID: 0}
    - target: {fileID: 2652250184744623495, guid: f5c75b1fcf60dc54f9fed7152cfdcedb,
        type: 3}
      propertyPath: m_IsActive
      value: 0
      objectReference: {fileID: 0}
    - target: {fileID: 2815802284826604043, guid: f5c75b1fcf60dc54f9fed7152cfdcedb,
        type: 3}
      propertyPath: m_LocalPosition.y
      value: 4.06
      objectReference: {fileID: 0}
    - target: {fileID: 2815802284826604043, guid: f5c75b1fcf60dc54f9fed7152cfdcedb,
        type: 3}
      propertyPath: m_LocalScale.y
      value: 1
      objectReference: {fileID: 0}
    - target: {fileID: 2815802284826604043, guid: f5c75b1fcf60dc54f9fed7152cfdcedb,
        type: 3}
      propertyPath: m_LocalPosition.x
      value: 0
      objectReference: {fileID: 0}
    - target: {fileID: 2815802284826604043, guid: f5c75b1fcf60dc54f9fed7152cfdcedb,
        type: 3}
      propertyPath: m_LocalScale.x
      value: 1
      objectReference: {fileID: 0}
    - target: {fileID: 3091399658611676819, guid: f5c75b1fcf60dc54f9fed7152cfdcedb,
        type: 3}
      propertyPath: m_LocalPosition.y
      value: 3.955
      objectReference: {fileID: 0}
    - target: {fileID: 3091399658611676819, guid: f5c75b1fcf60dc54f9fed7152cfdcedb,
        type: 3}
      propertyPath: m_LocalPosition.x
      value: 0
      objectReference: {fileID: 0}
    - target: {fileID: 3200043785711220322, guid: f5c75b1fcf60dc54f9fed7152cfdcedb,
        type: 3}
      propertyPath: m_IsActive
      value: 0
      objectReference: {fileID: 0}
    - target: {fileID: 3992846050799548897, guid: f5c75b1fcf60dc54f9fed7152cfdcedb,
        type: 3}
      propertyPath: m_IsActive
      value: 1
      objectReference: {fileID: 0}
    - target: {fileID: 4315774081105693157, guid: f5c75b1fcf60dc54f9fed7152cfdcedb,
        type: 3}
      propertyPath: m_Name
      value: tick_3
      objectReference: {fileID: 0}
    - target: {fileID: 4558808266867839169, guid: f5c75b1fcf60dc54f9fed7152cfdcedb,
        type: 3}
      propertyPath: m_LocalPosition.y
      value: 2.59
      objectReference: {fileID: 0}
    - target: {fileID: 5052555167045019459, guid: f5c75b1fcf60dc54f9fed7152cfdcedb,
        type: 3}
      propertyPath: m_IsActive
      value: 1
      objectReference: {fileID: 0}
    - target: {fileID: 5525881921514203384, guid: f5c75b1fcf60dc54f9fed7152cfdcedb,
        type: 3}
      propertyPath: m_LocalPosition.x
      value: 1.63
      objectReference: {fileID: 0}
    - target: {fileID: 5525881921514203384, guid: f5c75b1fcf60dc54f9fed7152cfdcedb,
        type: 3}
      propertyPath: m_LocalPosition.y
      value: 3.365
      objectReference: {fileID: 0}
    - target: {fileID: 5525881921514203384, guid: f5c75b1fcf60dc54f9fed7152cfdcedb,
        type: 3}
      propertyPath: m_LocalScale.x
      value: 1
      objectReference: {fileID: 0}
    - target: {fileID: 5525881921514203384, guid: f5c75b1fcf60dc54f9fed7152cfdcedb,
        type: 3}
      propertyPath: m_LocalScale.y
      value: 1
      objectReference: {fileID: 0}
    - target: {fileID: 5525881921514203384, guid: f5c75b1fcf60dc54f9fed7152cfdcedb,
        type: 3}
      propertyPath: m_LocalRotation.z
      value: -0
      objectReference: {fileID: 0}
    - target: {fileID: 5525881921514203384, guid: f5c75b1fcf60dc54f9fed7152cfdcedb,
        type: 3}
      propertyPath: m_LocalRotation.w
      value: 1
      objectReference: {fileID: 0}
    - target: {fileID: 5525881921514203384, guid: f5c75b1fcf60dc54f9fed7152cfdcedb,
        type: 3}
      propertyPath: m_LocalEulerAnglesHint.z
      value: 0
      objectReference: {fileID: 0}
    - target: {fileID: 6444387942012054029, guid: f5c75b1fcf60dc54f9fed7152cfdcedb,
        type: 3}
      propertyPath: m_IsActive
      value: 0
      objectReference: {fileID: 0}
    - target: {fileID: 7142544837780941555, guid: f5c75b1fcf60dc54f9fed7152cfdcedb,
        type: 3}
      propertyPath: m_IsActive
      value: 1
      objectReference: {fileID: 0}
    - target: {fileID: 7883851320062405628, guid: f5c75b1fcf60dc54f9fed7152cfdcedb,
        type: 3}
      propertyPath: m_LocalRotation.z
      value: -0
      objectReference: {fileID: 0}
    - target: {fileID: 7883851320062405628, guid: f5c75b1fcf60dc54f9fed7152cfdcedb,
        type: 3}
      propertyPath: m_LocalRotation.w
      value: 1
      objectReference: {fileID: 0}
    - target: {fileID: 7883851320062405628, guid: f5c75b1fcf60dc54f9fed7152cfdcedb,
        type: 3}
      propertyPath: m_LocalPosition.y
      value: 0.955
      objectReference: {fileID: 0}
    - target: {fileID: 7883851320062405628, guid: f5c75b1fcf60dc54f9fed7152cfdcedb,
        type: 3}
      propertyPath: m_LocalEulerAnglesHint.z
      value: 0
      objectReference: {fileID: 0}
    - target: {fileID: 7883851320062405628, guid: f5c75b1fcf60dc54f9fed7152cfdcedb,
        type: 3}
      propertyPath: m_LocalPosition.x
      value: 1.33
      objectReference: {fileID: 0}
    - target: {fileID: 7883851320062405628, guid: f5c75b1fcf60dc54f9fed7152cfdcedb,
        type: 3}
      propertyPath: m_LocalScale.y
      value: 1
      objectReference: {fileID: 0}
    - target: {fileID: 7883851320062405628, guid: f5c75b1fcf60dc54f9fed7152cfdcedb,
        type: 3}
      propertyPath: m_LocalScale.x
      value: 1
      objectReference: {fileID: 0}
    - target: {fileID: 7902178033499223187, guid: f5c75b1fcf60dc54f9fed7152cfdcedb,
        type: 3}
      propertyPath: m_IsActive
      value: 1
      objectReference: {fileID: 0}
    - target: {fileID: 8126415893331570579, guid: f5c75b1fcf60dc54f9fed7152cfdcedb,
        type: 3}
      propertyPath: m_LocalPosition.y
      value: 4.02
      objectReference: {fileID: 0}
    - target: {fileID: 8126415893331570579, guid: f5c75b1fcf60dc54f9fed7152cfdcedb,
        type: 3}
      propertyPath: m_LocalScale.y
      value: 1
      objectReference: {fileID: 0}
    - target: {fileID: 8126415893331570579, guid: f5c75b1fcf60dc54f9fed7152cfdcedb,
        type: 3}
      propertyPath: m_LocalPosition.x
      value: -0.004999876
      objectReference: {fileID: 0}
    - target: {fileID: 8126415893331570579, guid: f5c75b1fcf60dc54f9fed7152cfdcedb,
        type: 3}
      propertyPath: m_LocalScale.x
      value: 1
      objectReference: {fileID: 0}
    - target: {fileID: 8483882174826596653, guid: f5c75b1fcf60dc54f9fed7152cfdcedb,
        type: 3}
      propertyPath: m_IsActive
      value: 0
      objectReference: {fileID: 0}
    m_RemovedComponents: []
  m_SourcePrefab: {fileID: 4292925672227329786, guid: f5c75b1fcf60dc54f9fed7152cfdcedb,
    type: 3}
--- !u!4 &5948367700765181214 stripped
Transform:
  m_CorrespondingSourceObject: {fileID: -5728307679888301172, guid: f5c75b1fcf60dc54f9fed7152cfdcedb,
    type: 3}
  m_PrefabInstance: {fileID: 7065072955446371986}
  m_PrefabAsset: {fileID: 0}
