%YAML 1.1
%TAG !u! tag:unity3d.com,2011:
--- !u!29 &1
OcclusionCullingSettings:
  m_ObjectHideFlags: 0
  serializedVersion: 2
  m_OcclusionBakeSettings:
    smallestOccluder: 5
    smallestHole: 0.25
    backfaceThreshold: 100
  m_SceneGUID: 00000000000000000000000000000000
  m_OcclusionCullingData: {fileID: 0}
--- !u!104 &2
RenderSettings:
  m_ObjectHideFlags: 0
  serializedVersion: 9
  m_Fog: 0
  m_FogColor: {r: 0.5, g: 0.5, b: 0.5, a: 1}
  m_FogMode: 3
  m_FogDensity: 0.01
  m_LinearFogStart: 0
  m_LinearFogEnd: 300
  m_AmbientSkyColor: {r: 0.212, g: 0.227, b: 0.259, a: 1}
  m_AmbientEquatorColor: {r: 0.114, g: 0.125, b: 0.133, a: 1}
  m_AmbientGroundColor: {r: 0.047, g: 0.043, b: 0.035, a: 1}
  m_AmbientIntensity: 1
  m_AmbientMode: 3
  m_SubtractiveShadowColor: {r: 0.42, g: 0.478, b: 0.627, a: 1}
  m_SkyboxMaterial: {fileID: 0}
  m_HaloStrength: 0.5
  m_FlareStrength: 1
  m_FlareFadeSpeed: 3
  m_HaloTexture: {fileID: 0}
  m_SpotCookie: {fileID: 10001, guid: 0000000000000000e000000000000000, type: 0}
  m_DefaultReflectionMode: 0
  m_DefaultReflectionResolution: 128
  m_ReflectionBounces: 1
  m_ReflectionIntensity: 1
  m_CustomReflection: {fileID: 0}
  m_Sun: {fileID: 0}
  m_IndirectSpecularColor: {r: 0, g: 0, b: 0, a: 1}
  m_UseRadianceAmbientProbe: 0
--- !u!157 &3
LightmapSettings:
  m_ObjectHideFlags: 0
  serializedVersion: 11
  m_GIWorkflowMode: 1
  m_GISettings:
    serializedVersion: 2
    m_BounceScale: 1
    m_IndirectOutputScale: 1
    m_AlbedoBoost: 1
    m_EnvironmentLightingMode: 0
    m_EnableBakedLightmaps: 0
    m_EnableRealtimeLightmaps: 0
  m_LightmapEditorSettings:
    serializedVersion: 12
    m_Resolution: 2
    m_BakeResolution: 40
    m_AtlasSize: 1024
    m_AO: 0
    m_AOMaxDistance: 1
    m_CompAOExponent: 1
    m_CompAOExponentDirect: 0
    m_ExtractAmbientOcclusion: 0
    m_Padding: 2
    m_LightmapParameters: {fileID: 0}
    m_LightmapsBakeMode: 1
    m_TextureCompression: 1
    m_FinalGather: 0
    m_FinalGatherFiltering: 1
    m_FinalGatherRayCount: 256
    m_ReflectionCompression: 2
    m_MixedBakeMode: 2
    m_BakeBackend: 1
    m_PVRSampling: 1
    m_PVRDirectSampleCount: 32
    m_PVRSampleCount: 512
    m_PVRBounces: 2
    m_PVREnvironmentSampleCount: 256
    m_PVREnvironmentReferencePointCount: 2048
    m_PVRFilteringMode: 1
    m_PVRDenoiserTypeDirect: 1
    m_PVRDenoiserTypeIndirect: 1
    m_PVRDenoiserTypeAO: 1
    m_PVRFilterTypeDirect: 0
    m_PVRFilterTypeIndirect: 0
    m_PVRFilterTypeAO: 0
    m_PVREnvironmentMIS: 1
    m_PVRCulling: 1
    m_PVRFilteringGaussRadiusDirect: 1
    m_PVRFilteringGaussRadiusIndirect: 5
    m_PVRFilteringGaussRadiusAO: 2
    m_PVRFilteringAtrousPositionSigmaDirect: 0.5
    m_PVRFilteringAtrousPositionSigmaIndirect: 2
    m_PVRFilteringAtrousPositionSigmaAO: 1
    m_ExportTrainingData: 0
    m_TrainingDataDestination: TrainingData
    m_LightProbeSampleCountMultiplier: 4
  m_LightingDataAsset: {fileID: 0}
  m_UseShadowmask: 1
--- !u!196 &4
NavMeshSettings:
  serializedVersion: 2
  m_ObjectHideFlags: 0
  m_BuildSettings:
    serializedVersion: 2
    agentTypeID: 0
    agentRadius: 0.5
    agentHeight: 2
    agentSlope: 45
    agentClimb: 0.4
    ledgeDropHeight: 0
    maxJumpAcrossDistance: 0
    minRegionArea: 2
    manualCellSize: 0
    cellSize: 0.16666667
    manualTileSize: 0
    tileSize: 256
    accuratePlacement: 0
    debug:
      m_Flags: 0
  m_NavMeshData: {fileID: 0}
--- !u!1 &14432128
GameObject:
  m_ObjectHideFlags: 0
  m_CorrespondingSourceObject: {fileID: 0}
  m_PrefabInstance: {fileID: 0}
  m_PrefabAsset: {fileID: 0}
  serializedVersion: 6
  m_Component:
  - component: {fileID: 14432129}
  - component: {fileID: 14432130}
  m_Layer: 0
  m_Name: Background
  m_TagString: Untagged
  m_Icon: {fileID: 0}
  m_NavMeshLayer: 0
  m_StaticEditorFlags: 0
  m_IsActive: 1
--- !u!4 &14432129
Transform:
  m_ObjectHideFlags: 0
  m_CorrespondingSourceObject: {fileID: 0}
  m_PrefabInstance: {fileID: 0}
  m_PrefabAsset: {fileID: 0}
  m_GameObject: {fileID: 14432128}
  m_LocalRotation: {x: -0, y: -0, z: -0, w: 1}
  m_LocalPosition: {x: -0.005, y: 37.842, z: 0}
  m_LocalScale: {x: 1, y: 1, z: 1}
  m_Children: []
  m_Father: {fileID: 440224285}
  m_RootOrder: 0
  m_LocalEulerAnglesHint: {x: 0, y: 0, z: 0}
--- !u!212 &14432130
SpriteRenderer:
  m_ObjectHideFlags: 0
  m_CorrespondingSourceObject: {fileID: 0}
  m_PrefabInstance: {fileID: 0}
  m_PrefabAsset: {fileID: 0}
  m_GameObject: {fileID: 14432128}
  m_Enabled: 1
  m_CastShadows: 0
  m_ReceiveShadows: 0
  m_DynamicOccludee: 1
  m_MotionVectors: 1
  m_LightProbeUsage: 1
  m_ReflectionProbeUsage: 1
  m_RayTracingMode: 0
  m_RenderingLayerMask: 1
  m_RendererPriority: 0
  m_Materials:
  - {fileID: 10754, guid: 0000000000000000f000000000000000, type: 0}
  m_StaticBatchInfo:
    firstSubMesh: 0
    subMeshCount: 0
  m_StaticBatchRoot: {fileID: 0}
  m_ProbeAnchor: {fileID: 0}
  m_LightProbeVolumeOverride: {fileID: 0}
  m_ScaleInLightmap: 1
  m_ReceiveGI: 1
  m_PreserveUVs: 0
  m_IgnoreNormalsForChartDetection: 0
  m_ImportantGI: 0
  m_StitchLightmapSeams: 1
  m_SelectedEditorRenderState: 0
  m_MinimumChartSize: 4
  m_AutoUVMaxDistance: 0.5
  m_AutoUVMaxAngle: 89
  m_LightmapParameters: {fileID: 0}
  m_SortingLayerID: 0
  m_SortingLayer: 0
  m_SortingOrder: -1
  m_Sprite: {fileID: 21300000, guid: 25edbdf70f604704ca84215035647167, type: 3}
  m_Color: {r: 1, g: 1, b: 1, a: 1}
  m_FlipX: 0
  m_FlipY: 0
  m_DrawMode: 2
  m_Size: {x: 39.685017, y: 95.659775}
  m_AdaptiveModeThreshold: 0.5
  m_SpriteTileMode: 0
  m_WasSpriteAssigned: 1
  m_MaskInteraction: 0
  m_SpriteSortPoint: 0
--- !u!1001 &130637665
PrefabInstance:
  m_ObjectHideFlags: 0
  serializedVersion: 2
  m_Modification:
    m_TransformParent: {fileID: 0}
    m_Modifications:
    - target: {fileID: 7216525749731356114, guid: 5d504c2f17d13784cbe04005de74b769,
        type: 3}
      propertyPath: m_LocalPosition.x
      value: -20.15
      objectReference: {fileID: 0}
    - target: {fileID: 7216525749731356114, guid: 5d504c2f17d13784cbe04005de74b769,
        type: 3}
      propertyPath: m_LocalPosition.y
      value: 37.65
      objectReference: {fileID: 0}
    - target: {fileID: 7216525749731356114, guid: 5d504c2f17d13784cbe04005de74b769,
        type: 3}
      propertyPath: m_LocalPosition.z
      value: 0
      objectReference: {fileID: 0}
    - target: {fileID: 7216525749731356114, guid: 5d504c2f17d13784cbe04005de74b769,
        type: 3}
      propertyPath: m_LocalRotation.x
      value: 0
      objectReference: {fileID: 0}
    - target: {fileID: 7216525749731356114, guid: 5d504c2f17d13784cbe04005de74b769,
        type: 3}
      propertyPath: m_LocalRotation.y
      value: 0
      objectReference: {fileID: 0}
    - target: {fileID: 7216525749731356114, guid: 5d504c2f17d13784cbe04005de74b769,
        type: 3}
      propertyPath: m_LocalRotation.z
      value: 0
      objectReference: {fileID: 0}
    - target: {fileID: 7216525749731356114, guid: 5d504c2f17d13784cbe04005de74b769,
        type: 3}
      propertyPath: m_LocalRotation.w
      value: 1
      objectReference: {fileID: 0}
    - target: {fileID: 7216525749731356114, guid: 5d504c2f17d13784cbe04005de74b769,
        type: 3}
      propertyPath: m_RootOrder
      value: 24
      objectReference: {fileID: 0}
    - target: {fileID: 7216525749731356114, guid: 5d504c2f17d13784cbe04005de74b769,
        type: 3}
      propertyPath: m_LocalEulerAnglesHint.x
      value: 0
      objectReference: {fileID: 0}
    - target: {fileID: 7216525749731356114, guid: 5d504c2f17d13784cbe04005de74b769,
        type: 3}
      propertyPath: m_LocalEulerAnglesHint.y
      value: 0
      objectReference: {fileID: 0}
    - target: {fileID: 7216525749731356114, guid: 5d504c2f17d13784cbe04005de74b769,
        type: 3}
      propertyPath: m_LocalEulerAnglesHint.z
      value: 0
      objectReference: {fileID: 0}
    - target: {fileID: 8153471393479328463, guid: 5d504c2f17d13784cbe04005de74b769,
        type: 3}
      propertyPath: m_Name
      value: Wall left
      objectReference: {fileID: 0}
    - target: {fileID: 8418120028752020517, guid: 5d504c2f17d13784cbe04005de74b769,
        type: 3}
      propertyPath: m_Size.x
      value: 1
      objectReference: {fileID: 0}
    - target: {fileID: 8418120028752020517, guid: 5d504c2f17d13784cbe04005de74b769,
        type: 3}
      propertyPath: m_Size.y
      value: 100
      objectReference: {fileID: 0}
    - target: {fileID: 8603093888792901336, guid: 5d504c2f17d13784cbe04005de74b769,
        type: 3}
      propertyPath: m_Color.r
      value: 0
      objectReference: {fileID: 0}
    - target: {fileID: 8603093888792901336, guid: 5d504c2f17d13784cbe04005de74b769,
        type: 3}
      propertyPath: m_Color.g
      value: 0
      objectReference: {fileID: 0}
    - target: {fileID: 8603093888792901336, guid: 5d504c2f17d13784cbe04005de74b769,
        type: 3}
      propertyPath: m_Color.b
      value: 0
      objectReference: {fileID: 0}
    m_RemovedComponents: []
  m_SourcePrefab: {fileID: 100100000, guid: 5d504c2f17d13784cbe04005de74b769, type: 3}
--- !u!1 &131508927
GameObject:
  m_ObjectHideFlags: 0
  m_CorrespondingSourceObject: {fileID: 0}
  m_PrefabInstance: {fileID: 0}
  m_PrefabAsset: {fileID: 0}
  serializedVersion: 6
  m_Component:
  - component: {fileID: 131508931}
  - component: {fileID: 131508930}
  - component: {fileID: 131508929}
  - component: {fileID: 131508928}
  m_Layer: 0
  m_Name: rock2 (1)
  m_TagString: Untagged
  m_Icon: {fileID: 0}
  m_NavMeshLayer: 0
  m_StaticEditorFlags: 0
  m_IsActive: 1
--- !u!60 &131508928
PolygonCollider2D:
  m_ObjectHideFlags: 0
  m_CorrespondingSourceObject: {fileID: 0}
  m_PrefabInstance: {fileID: 0}
  m_PrefabAsset: {fileID: 0}
  m_GameObject: {fileID: 131508927}
  m_Enabled: 1
  m_Density: 1
  m_Material: {fileID: 0}
  m_IsTrigger: 0
  m_UsedByEffector: 0
  m_UsedByComposite: 0
  m_Offset: {x: 0, y: 0}
  m_SpriteTilingProperty:
    border: {x: 0, y: 0, z: 0, w: 0}
    pivot: {x: 0.5, y: 0.5}
    oldSize: {x: 1.83, y: 1.7}
    newSize: {x: 1.83, y: 1.7}
    adaptiveTilingThreshold: 0.5
    drawMode: 0
    adaptiveTiling: 0
  m_AutoTiling: 0
  m_Points:
    m_Paths:
    - - {x: 0.835, y: -0.45999998}
      - {x: 0.875, y: -0.37}
      - {x: 0.885, y: -0.32999998}
      - {x: 0.91499996, y: -0.12}
      - {x: 0.91499996, y: 0.37}
      - {x: 0.895, y: 0.44}
      - {x: 0.85499996, y: 0.57}
      - {x: 0.775, y: 0.7}
      - {x: 0.66499996, y: 0.78999996}
      - {x: 0.545, y: 0.84999996}
      - {x: 0.155, y: 0.84999996}
      - {x: -0.225, y: 0.69}
      - {x: -0.515, y: 0.53999996}
      - {x: -0.765, y: 0.39999998}
      - {x: -0.825, y: 0.32999998}
      - {x: -0.875, y: 0.21}
      - {x: -0.91499996, y: 0.089999996}
      - {x: -0.91499996, y: -0.31}
      - {x: -0.79499996, y: -0.53}
      - {x: -0.72499996, y: -0.61}
      - {x: -0.545, y: -0.78}
      - {x: -0.415, y: -0.84}
      - {x: -0.315, y: -0.84999996}
      - {x: 0.044999998, y: -0.84999996}
      - {x: 0.24499999, y: -0.78}
      - {x: 0.575, y: -0.65}
      - {x: 0.775, y: -0.55}
--- !u!50 &131508929
Rigidbody2D:
  serializedVersion: 4
  m_ObjectHideFlags: 0
  m_CorrespondingSourceObject: {fileID: 0}
  m_PrefabInstance: {fileID: 0}
  m_PrefabAsset: {fileID: 0}
  m_GameObject: {fileID: 131508927}
  m_BodyType: 2
  m_Simulated: 1
  m_UseFullKinematicContacts: 0
  m_UseAutoMass: 0
  m_Mass: 1
  m_LinearDrag: 0
  m_AngularDrag: 0.05
  m_GravityScale: 1
  m_Material: {fileID: 0}
  m_Interpolate: 0
  m_SleepingMode: 1
  m_CollisionDetection: 0
  m_Constraints: 0
--- !u!212 &131508930
SpriteRenderer:
  m_ObjectHideFlags: 0
  m_CorrespondingSourceObject: {fileID: 0}
  m_PrefabInstance: {fileID: 0}
  m_PrefabAsset: {fileID: 0}
  m_GameObject: {fileID: 131508927}
  m_Enabled: 1
  m_CastShadows: 0
  m_ReceiveShadows: 0
  m_DynamicOccludee: 1
  m_MotionVectors: 1
  m_LightProbeUsage: 1
  m_ReflectionProbeUsage: 1
  m_RayTracingMode: 0
  m_RenderingLayerMask: 1
  m_RendererPriority: 0
  m_Materials:
  - {fileID: 10754, guid: 0000000000000000f000000000000000, type: 0}
  m_StaticBatchInfo:
    firstSubMesh: 0
    subMeshCount: 0
  m_StaticBatchRoot: {fileID: 0}
  m_ProbeAnchor: {fileID: 0}
  m_LightProbeVolumeOverride: {fileID: 0}
  m_ScaleInLightmap: 1
  m_ReceiveGI: 1
  m_PreserveUVs: 0
  m_IgnoreNormalsForChartDetection: 0
  m_ImportantGI: 0
  m_StitchLightmapSeams: 1
  m_SelectedEditorRenderState: 0
  m_MinimumChartSize: 4
  m_AutoUVMaxDistance: 0.5
  m_AutoUVMaxAngle: 89
  m_LightmapParameters: {fileID: 0}
  m_SortingLayerID: 0
  m_SortingLayer: 0
  m_SortingOrder: 0
  m_Sprite: {fileID: 21300000, guid: 8d3774b34bd83e045a09f3b7982ad8bd, type: 3}
  m_Color: {r: 1, g: 1, b: 1, a: 1}
  m_FlipX: 0
  m_FlipY: 0
  m_DrawMode: 0
  m_Size: {x: 1.83, y: 1.7}
  m_AdaptiveModeThreshold: 0.5
  m_SpriteTileMode: 0
  m_WasSpriteAssigned: 1
  m_MaskInteraction: 0
  m_SpriteSortPoint: 0
--- !u!4 &131508931
Transform:
  m_ObjectHideFlags: 0
  m_CorrespondingSourceObject: {fileID: 0}
  m_PrefabInstance: {fileID: 0}
  m_PrefabAsset: {fileID: 0}
  m_GameObject: {fileID: 131508927}
  m_LocalRotation: {x: -0, y: -0, z: -0, w: 1}
  m_LocalPosition: {x: 9.48, y: 22.18, z: 0}
  m_LocalScale: {x: 1, y: 1, z: 1}
  m_Children: []
  m_Father: {fileID: 0}
  m_RootOrder: 16
  m_LocalEulerAnglesHint: {x: 0, y: 0, z: 0}
--- !u!1001 &408719536
PrefabInstance:
  m_ObjectHideFlags: 0
  serializedVersion: 2
  m_Modification:
    m_TransformParent: {fileID: 0}
    m_Modifications:
    - target: {fileID: 7216525749731356114, guid: 5d504c2f17d13784cbe04005de74b769,
        type: 3}
      propertyPath: m_LocalPosition.x
      value: -0.2
      objectReference: {fileID: 0}
    - target: {fileID: 7216525749731356114, guid: 5d504c2f17d13784cbe04005de74b769,
        type: 3}
      propertyPath: m_LocalPosition.y
      value: 86.01
      objectReference: {fileID: 0}
    - target: {fileID: 7216525749731356114, guid: 5d504c2f17d13784cbe04005de74b769,
        type: 3}
      propertyPath: m_LocalPosition.z
      value: 0
      objectReference: {fileID: 0}
    - target: {fileID: 7216525749731356114, guid: 5d504c2f17d13784cbe04005de74b769,
        type: 3}
      propertyPath: m_LocalRotation.x
      value: 0
      objectReference: {fileID: 0}
    - target: {fileID: 7216525749731356114, guid: 5d504c2f17d13784cbe04005de74b769,
        type: 3}
      propertyPath: m_LocalRotation.y
      value: 0
      objectReference: {fileID: 0}
    - target: {fileID: 7216525749731356114, guid: 5d504c2f17d13784cbe04005de74b769,
        type: 3}
      propertyPath: m_LocalRotation.z
      value: 0
      objectReference: {fileID: 0}
    - target: {fileID: 7216525749731356114, guid: 5d504c2f17d13784cbe04005de74b769,
        type: 3}
      propertyPath: m_LocalRotation.w
      value: 1
      objectReference: {fileID: 0}
    - target: {fileID: 7216525749731356114, guid: 5d504c2f17d13784cbe04005de74b769,
        type: 3}
      propertyPath: m_RootOrder
      value: 23
      objectReference: {fileID: 0}
    - target: {fileID: 7216525749731356114, guid: 5d504c2f17d13784cbe04005de74b769,
        type: 3}
      propertyPath: m_LocalEulerAnglesHint.x
      value: 0
      objectReference: {fileID: 0}
    - target: {fileID: 7216525749731356114, guid: 5d504c2f17d13784cbe04005de74b769,
        type: 3}
      propertyPath: m_LocalEulerAnglesHint.y
      value: 0
      objectReference: {fileID: 0}
    - target: {fileID: 7216525749731356114, guid: 5d504c2f17d13784cbe04005de74b769,
        type: 3}
      propertyPath: m_LocalEulerAnglesHint.z
      value: 0
      objectReference: {fileID: 0}
    - target: {fileID: 8153471393479328463, guid: 5d504c2f17d13784cbe04005de74b769,
        type: 3}
      propertyPath: m_Name
      value: Wall top
      objectReference: {fileID: 0}
    - target: {fileID: 8418120028752020517, guid: 5d504c2f17d13784cbe04005de74b769,
        type: 3}
      propertyPath: m_Size.x
      value: 43.06
      objectReference: {fileID: 0}
    - target: {fileID: 8603093888792901336, guid: 5d504c2f17d13784cbe04005de74b769,
        type: 3}
      propertyPath: m_Color.r
      value: 0
      objectReference: {fileID: 0}
    - target: {fileID: 8603093888792901336, guid: 5d504c2f17d13784cbe04005de74b769,
        type: 3}
      propertyPath: m_Color.g
      value: 0
      objectReference: {fileID: 0}
    - target: {fileID: 8603093888792901336, guid: 5d504c2f17d13784cbe04005de74b769,
        type: 3}
      propertyPath: m_Color.b
      value: 0
      objectReference: {fileID: 0}
    m_RemovedComponents: []
  m_SourcePrefab: {fileID: 100100000, guid: 5d504c2f17d13784cbe04005de74b769, type: 3}
--- !u!1 &440224284
GameObject:
  m_ObjectHideFlags: 0
  m_CorrespondingSourceObject: {fileID: 0}
  m_PrefabInstance: {fileID: 0}
  m_PrefabAsset: {fileID: 0}
  serializedVersion: 6
  m_Component:
  - component: {fileID: 440224285}
  m_Layer: 0
  m_Name: map_tile
  m_TagString: Untagged
  m_Icon: {fileID: 0}
  m_NavMeshLayer: 0
  m_StaticEditorFlags: 0
  m_IsActive: 1
--- !u!4 &440224285
Transform:
  m_ObjectHideFlags: 0
  m_CorrespondingSourceObject: {fileID: 0}
  m_PrefabInstance: {fileID: 0}
  m_PrefabAsset: {fileID: 0}
  m_GameObject: {fileID: 440224284}
  m_LocalRotation: {x: 0, y: 0, z: 0, w: 1}
  m_LocalPosition: {x: 0, y: 0, z: 5}
  m_LocalScale: {x: 1, y: 1, z: 1}
  m_Children:
  - {fileID: 14432129}
  m_Father: {fileID: 0}
  m_RootOrder: 4
  m_LocalEulerAnglesHint: {x: 0, y: 0, z: 0}
--- !u!1 &472401671
GameObject:
  m_ObjectHideFlags: 0
  m_CorrespondingSourceObject: {fileID: 0}
  m_PrefabInstance: {fileID: 0}
  m_PrefabAsset: {fileID: 0}
  serializedVersion: 6
  m_Component:
  - component: {fileID: 472401675}
  - component: {fileID: 472401674}
  - component: {fileID: 472401673}
  - component: {fileID: 472401672}
  m_Layer: 0
  m_Name: rock5 (1)
  m_TagString: Untagged
  m_Icon: {fileID: 0}
  m_NavMeshLayer: 0
  m_StaticEditorFlags: 0
  m_IsActive: 1
--- !u!60 &472401672
PolygonCollider2D:
  m_ObjectHideFlags: 0
  m_CorrespondingSourceObject: {fileID: 0}
  m_PrefabInstance: {fileID: 0}
  m_PrefabAsset: {fileID: 0}
  m_GameObject: {fileID: 472401671}
  m_Enabled: 1
  m_Density: 1
  m_Material: {fileID: 0}
  m_IsTrigger: 0
  m_UsedByEffector: 0
  m_UsedByComposite: 0
  m_Offset: {x: 0, y: 0}
  m_SpriteTilingProperty:
    border: {x: 0, y: 0, z: 0, w: 0}
    pivot: {x: 0.5, y: 0.5}
    oldSize: {x: 1.5, y: 1.49}
    newSize: {x: 1.5, y: 1.49}
    adaptiveTilingThreshold: 0.5
    drawMode: 0
    adaptiveTiling: 0
  m_AutoTiling: 0
  m_Points:
    m_Paths:
    - - {x: 0.53, y: -0.505}
      - {x: 0.64, y: -0.42499998}
      - {x: 0.71999997, y: -0.315}
      - {x: 0.74, y: -0.195}
      - {x: 0.75, y: 0.015}
      - {x: 0.75, y: 0.555}
      - {x: 0.74, y: 0.635}
      - {x: 0.68, y: 0.685}
      - {x: 0.53999996, y: 0.745}
      - {x: 0, y: 0.745}
      - {x: -0.06, y: 0.72499996}
      - {x: -0.34, y: 0.635}
      - {x: -0.65, y: 0.475}
      - {x: -0.71, y: 0.385}
      - {x: -0.75, y: 0.16499999}
      - {x: -0.75, y: -0.635}
      - {x: -0.72999996, y: -0.675}
      - {x: -0.66999996, y: -0.72499996}
      - {x: -0.59999996, y: -0.745}
      - {x: -0.31, y: -0.745}
      - {x: -0.12, y: -0.705}
      - {x: 0.14, y: -0.635}
--- !u!50 &472401673
Rigidbody2D:
  serializedVersion: 4
  m_ObjectHideFlags: 0
  m_CorrespondingSourceObject: {fileID: 0}
  m_PrefabInstance: {fileID: 0}
  m_PrefabAsset: {fileID: 0}
  m_GameObject: {fileID: 472401671}
  m_BodyType: 2
  m_Simulated: 1
  m_UseFullKinematicContacts: 0
  m_UseAutoMass: 0
  m_Mass: 1
  m_LinearDrag: 0
  m_AngularDrag: 0.05
  m_GravityScale: 1
  m_Material: {fileID: 0}
  m_Interpolate: 0
  m_SleepingMode: 1
  m_CollisionDetection: 0
  m_Constraints: 0
--- !u!212 &472401674
SpriteRenderer:
  m_ObjectHideFlags: 0
  m_CorrespondingSourceObject: {fileID: 0}
  m_PrefabInstance: {fileID: 0}
  m_PrefabAsset: {fileID: 0}
  m_GameObject: {fileID: 472401671}
  m_Enabled: 1
  m_CastShadows: 0
  m_ReceiveShadows: 0
  m_DynamicOccludee: 1
  m_MotionVectors: 1
  m_LightProbeUsage: 1
  m_ReflectionProbeUsage: 1
  m_RayTracingMode: 0
  m_RenderingLayerMask: 1
  m_RendererPriority: 0
  m_Materials:
  - {fileID: 10754, guid: 0000000000000000f000000000000000, type: 0}
  m_StaticBatchInfo:
    firstSubMesh: 0
    subMeshCount: 0
  m_StaticBatchRoot: {fileID: 0}
  m_ProbeAnchor: {fileID: 0}
  m_LightProbeVolumeOverride: {fileID: 0}
  m_ScaleInLightmap: 1
  m_ReceiveGI: 1
  m_PreserveUVs: 0
  m_IgnoreNormalsForChartDetection: 0
  m_ImportantGI: 0
  m_StitchLightmapSeams: 1
  m_SelectedEditorRenderState: 0
  m_MinimumChartSize: 4
  m_AutoUVMaxDistance: 0.5
  m_AutoUVMaxAngle: 89
  m_LightmapParameters: {fileID: 0}
  m_SortingLayerID: 0
  m_SortingLayer: 0
  m_SortingOrder: 0
  m_Sprite: {fileID: 21300000, guid: 984254e9384f97444b3b7a348ebaf4f8, type: 3}
  m_Color: {r: 1, g: 1, b: 1, a: 1}
  m_FlipX: 0
  m_FlipY: 0
  m_DrawMode: 0
  m_Size: {x: 1.5, y: 1.49}
  m_AdaptiveModeThreshold: 0.5
  m_SpriteTileMode: 0
  m_WasSpriteAssigned: 1
  m_MaskInteraction: 0
  m_SpriteSortPoint: 0
--- !u!4 &472401675
Transform:
  m_ObjectHideFlags: 0
  m_CorrespondingSourceObject: {fileID: 0}
  m_PrefabInstance: {fileID: 0}
  m_PrefabAsset: {fileID: 0}
  m_GameObject: {fileID: 472401671}
  m_LocalRotation: {x: -0, y: -0, z: -0, w: 1}
  m_LocalPosition: {x: -2.6421373, y: 18.417286, z: 0}
  m_LocalScale: {x: 1, y: 1, z: 1}
  m_Children: []
  m_Father: {fileID: 0}
  m_RootOrder: 19
  m_LocalEulerAnglesHint: {x: 0, y: 0, z: 0}
--- !u!1001 &504900970
PrefabInstance:
  m_ObjectHideFlags: 0
  serializedVersion: 2
  m_Modification:
    m_TransformParent: {fileID: 0}
    m_Modifications:
    - target: {fileID: 7216525749731356114, guid: 5d504c2f17d13784cbe04005de74b769,
        type: 3}
      propertyPath: m_LocalPosition.x
      value: 0.31
      objectReference: {fileID: 0}
    - target: {fileID: 7216525749731356114, guid: 5d504c2f17d13784cbe04005de74b769,
        type: 3}
      propertyPath: m_LocalPosition.y
      value: -10.51
      objectReference: {fileID: 0}
    - target: {fileID: 7216525749731356114, guid: 5d504c2f17d13784cbe04005de74b769,
        type: 3}
      propertyPath: m_LocalPosition.z
      value: 0
      objectReference: {fileID: 0}
    - target: {fileID: 7216525749731356114, guid: 5d504c2f17d13784cbe04005de74b769,
        type: 3}
      propertyPath: m_LocalRotation.x
      value: 0
      objectReference: {fileID: 0}
    - target: {fileID: 7216525749731356114, guid: 5d504c2f17d13784cbe04005de74b769,
        type: 3}
      propertyPath: m_LocalRotation.y
      value: 0
      objectReference: {fileID: 0}
    - target: {fileID: 7216525749731356114, guid: 5d504c2f17d13784cbe04005de74b769,
        type: 3}
      propertyPath: m_LocalRotation.z
      value: 0
      objectReference: {fileID: 0}
    - target: {fileID: 7216525749731356114, guid: 5d504c2f17d13784cbe04005de74b769,
        type: 3}
      propertyPath: m_LocalRotation.w
      value: 1
      objectReference: {fileID: 0}
    - target: {fileID: 7216525749731356114, guid: 5d504c2f17d13784cbe04005de74b769,
        type: 3}
      propertyPath: m_RootOrder
      value: 1
      objectReference: {fileID: 0}
    - target: {fileID: 7216525749731356114, guid: 5d504c2f17d13784cbe04005de74b769,
        type: 3}
      propertyPath: m_LocalEulerAnglesHint.x
      value: 0
      objectReference: {fileID: 0}
    - target: {fileID: 7216525749731356114, guid: 5d504c2f17d13784cbe04005de74b769,
        type: 3}
      propertyPath: m_LocalEulerAnglesHint.y
      value: 0
      objectReference: {fileID: 0}
    - target: {fileID: 7216525749731356114, guid: 5d504c2f17d13784cbe04005de74b769,
        type: 3}
      propertyPath: m_LocalEulerAnglesHint.z
      value: 0
      objectReference: {fileID: 0}
    - target: {fileID: 8153471393479328463, guid: 5d504c2f17d13784cbe04005de74b769,
        type: 3}
      propertyPath: m_Name
      value: Wall bottom
      objectReference: {fileID: 0}
    - target: {fileID: 8418120028752020517, guid: 5d504c2f17d13784cbe04005de74b769,
        type: 3}
      propertyPath: m_Size.x
      value: 43.06
      objectReference: {fileID: 0}
    - target: {fileID: 8603093888792901336, guid: 5d504c2f17d13784cbe04005de74b769,
        type: 3}
      propertyPath: m_Color.r
      value: 0
      objectReference: {fileID: 0}
    - target: {fileID: 8603093888792901336, guid: 5d504c2f17d13784cbe04005de74b769,
        type: 3}
      propertyPath: m_Color.g
      value: 0
      objectReference: {fileID: 0}
    - target: {fileID: 8603093888792901336, guid: 5d504c2f17d13784cbe04005de74b769,
        type: 3}
      propertyPath: m_Color.b
      value: 0
      objectReference: {fileID: 0}
    m_RemovedComponents: []
  m_SourcePrefab: {fileID: 100100000, guid: 5d504c2f17d13784cbe04005de74b769, type: 3}
--- !u!1 &568680776
GameObject:
  m_ObjectHideFlags: 0
  m_CorrespondingSourceObject: {fileID: 0}
  m_PrefabInstance: {fileID: 0}
  m_PrefabAsset: {fileID: 0}
  serializedVersion: 6
  m_Component:
  - component: {fileID: 568680780}
  - component: {fileID: 568680779}
  - component: {fileID: 568680778}
  - component: {fileID: 568680777}
  m_Layer: 0
  m_Name: rock7 (1)
  m_TagString: Untagged
  m_Icon: {fileID: 0}
  m_NavMeshLayer: 0
  m_StaticEditorFlags: 0
  m_IsActive: 1
--- !u!60 &568680777
PolygonCollider2D:
  m_ObjectHideFlags: 0
  m_CorrespondingSourceObject: {fileID: 0}
  m_PrefabInstance: {fileID: 0}
  m_PrefabAsset: {fileID: 0}
  m_GameObject: {fileID: 568680776}
  m_Enabled: 1
  m_Density: 1
  m_Material: {fileID: 0}
  m_IsTrigger: 0
  m_UsedByEffector: 0
  m_UsedByComposite: 0
  m_Offset: {x: 0, y: 0}
  m_SpriteTilingProperty:
    border: {x: 0, y: 0, z: 0, w: 0}
    pivot: {x: 0.5, y: 0.5}
    oldSize: {x: 3.4, y: 4.47}
    newSize: {x: 3.4, y: 4.47}
    adaptiveTilingThreshold: 0.5
    drawMode: 0
    adaptiveTiling: 0
  m_AutoTiling: 0
  m_Points:
    m_Paths:
    - - {x: 0.61, y: -1.875}
      - {x: 0.61, y: -1.8549999}
      - {x: 0.9, y: -1.5749999}
      - {x: 0.9, y: -1.4549999}
      - {x: 0.89, y: -1.405}
      - {x: 0.97999996, y: -1.3249999}
      - {x: 1.01, y: -1.225}
      - {x: 1.01, y: -1.105}
      - {x: 1.03, y: -0.935}
      - {x: 1.04, y: -0.73499995}
      - {x: 1.04, y: -0.615}
      - {x: 1.06, y: -0.405}
      - {x: 1.05, y: -0.16499999}
      - {x: 1.03, y: -0.085}
      - {x: 1.29, y: 0.16499999}
      - {x: 1.52, y: 0.405}
      - {x: 1.5799999, y: 0.465}
      - {x: 1.6999999, y: 0.635}
      - {x: 1.6999999, y: 0.865}
      - {x: 1.68, y: 0.935}
      - {x: 1.63, y: 0.995}
      - {x: 1.5999999, y: 1.105}
      - {x: 1.3399999, y: 1.4549999}
      - {x: 1.13, y: 1.785}
      - {x: 1.02, y: 1.9549999}
      - {x: 0.95, y: 2.0449998}
      - {x: 0.87, y: 2.125}
      - {x: 0.78, y: 2.175}
      - {x: 0.65, y: 2.235}
      - {x: 0.28, y: 2.235}
      - {x: 0.12, y: 2.165}
      - {x: -0.01, y: 2.095}
      - {x: -0.11, y: 2.0349998}
      - {x: -0.26999998, y: 1.9449999}
      - {x: -0.48999998, y: 1.8149999}
      - {x: -0.65999997, y: 1.7149999}
      - {x: -0.77, y: 1.645}
      - {x: -1.02, y: 1.475}
      - {x: -1.39, y: 1.2049999}
      - {x: -1.51, y: 1.095}
      - {x: -1.61, y: 0.825}
      - {x: -1.6999999, y: 0.285}
      - {x: -1.6999999, y: -0.114999995}
      - {x: -1.68, y: -0.155}
      - {x: -1.54, y: -0.305}
      - {x: -1.42, y: -0.39499998}
      - {x: -1.42, y: -0.435}
      - {x: -1.51, y: -0.545}
      - {x: -1.61, y: -0.705}
      - {x: -1.63, y: -0.78499997}
      - {x: -1.64, y: -1.155}
      - {x: -1.65, y: -1.3349999}
      - {x: -1.67, y: -1.5749999}
      - {x: -1.66, y: -1.9549999}
      - {x: -1.5999999, y: -2.0249999}
      - {x: -1.5, y: -2.125}
      - {x: -1.42, y: -2.165}
      - {x: -1.29, y: -2.175}
      - {x: -1.27, y: -2.175}
      - {x: -0.96999997, y: -2.225}
      - {x: -0.85999995, y: -2.235}
      - {x: -0.02, y: -2.235}
      - {x: 0.02, y: -2.225}
      - {x: 0.13, y: -2.205}
      - {x: 0.44, y: -2.0249999}
--- !u!50 &568680778
Rigidbody2D:
  serializedVersion: 4
  m_ObjectHideFlags: 0
  m_CorrespondingSourceObject: {fileID: 0}
  m_PrefabInstance: {fileID: 0}
  m_PrefabAsset: {fileID: 0}
  m_GameObject: {fileID: 568680776}
  m_BodyType: 2
  m_Simulated: 1
  m_UseFullKinematicContacts: 0
  m_UseAutoMass: 0
  m_Mass: 1
  m_LinearDrag: 0
  m_AngularDrag: 0.05
  m_GravityScale: 1
  m_Material: {fileID: 0}
  m_Interpolate: 0
  m_SleepingMode: 1
  m_CollisionDetection: 0
  m_Constraints: 0
--- !u!212 &568680779
SpriteRenderer:
  m_ObjectHideFlags: 0
  m_CorrespondingSourceObject: {fileID: 0}
  m_PrefabInstance: {fileID: 0}
  m_PrefabAsset: {fileID: 0}
  m_GameObject: {fileID: 568680776}
  m_Enabled: 1
  m_CastShadows: 0
  m_ReceiveShadows: 0
  m_DynamicOccludee: 1
  m_MotionVectors: 1
  m_LightProbeUsage: 1
  m_ReflectionProbeUsage: 1
  m_RayTracingMode: 0
  m_RenderingLayerMask: 1
  m_RendererPriority: 0
  m_Materials:
  - {fileID: 10754, guid: 0000000000000000f000000000000000, type: 0}
  m_StaticBatchInfo:
    firstSubMesh: 0
    subMeshCount: 0
  m_StaticBatchRoot: {fileID: 0}
  m_ProbeAnchor: {fileID: 0}
  m_LightProbeVolumeOverride: {fileID: 0}
  m_ScaleInLightmap: 1
  m_ReceiveGI: 1
  m_PreserveUVs: 0
  m_IgnoreNormalsForChartDetection: 0
  m_ImportantGI: 0
  m_StitchLightmapSeams: 1
  m_SelectedEditorRenderState: 0
  m_MinimumChartSize: 4
  m_AutoUVMaxDistance: 0.5
  m_AutoUVMaxAngle: 89
  m_LightmapParameters: {fileID: 0}
  m_SortingLayerID: 0
  m_SortingLayer: 0
  m_SortingOrder: 0
  m_Sprite: {fileID: 21300000, guid: 4eea465c5a220d64786322cb5c92830e, type: 3}
  m_Color: {r: 1, g: 1, b: 1, a: 1}
  m_FlipX: 0
  m_FlipY: 0
  m_DrawMode: 0
  m_Size: {x: 3.4, y: 4.47}
  m_AdaptiveModeThreshold: 0.5
  m_SpriteTileMode: 0
  m_WasSpriteAssigned: 1
  m_MaskInteraction: 0
  m_SpriteSortPoint: 0
--- !u!4 &568680780
Transform:
  m_ObjectHideFlags: 0
  m_CorrespondingSourceObject: {fileID: 0}
  m_PrefabInstance: {fileID: 0}
  m_PrefabAsset: {fileID: 0}
  m_GameObject: {fileID: 568680776}
  m_LocalRotation: {x: -0, y: -0, z: 0.07957165, w: -0.99682915}
  m_LocalPosition: {x: 8.51, y: 41.92, z: 0}
  m_LocalScale: {x: 1, y: 1, z: 1}
  m_Children: []
  m_Father: {fileID: 0}
  m_RootOrder: 21
  m_LocalEulerAnglesHint: {x: 0, y: 0, z: -9.128}
--- !u!1 &720147187
GameObject:
  m_ObjectHideFlags: 0
  m_CorrespondingSourceObject: {fileID: 0}
  m_PrefabInstance: {fileID: 0}
  m_PrefabAsset: {fileID: 0}
  serializedVersion: 6
  m_Component:
  - component: {fileID: 720147191}
  - component: {fileID: 720147190}
  - component: {fileID: 720147189}
  - component: {fileID: 720147188}
  m_Layer: 0
  m_Name: rock1 (1)
  m_TagString: Untagged
  m_Icon: {fileID: 0}
  m_NavMeshLayer: 0
  m_StaticEditorFlags: 0
  m_IsActive: 1
--- !u!60 &720147188
PolygonCollider2D:
  m_ObjectHideFlags: 0
  m_CorrespondingSourceObject: {fileID: 0}
  m_PrefabInstance: {fileID: 0}
  m_PrefabAsset: {fileID: 0}
  m_GameObject: {fileID: 720147187}
  m_Enabled: 1
  m_Density: 1
  m_Material: {fileID: 0}
  m_IsTrigger: 0
  m_UsedByEffector: 0
  m_UsedByComposite: 0
  m_Offset: {x: 0, y: 0}
  m_SpriteTilingProperty:
    border: {x: 0, y: 0, z: 0, w: 0}
    pivot: {x: 0.5, y: 0.5}
    oldSize: {x: 5.78, y: 4}
    newSize: {x: 5.78, y: 4}
    adaptiveTilingThreshold: 0.5
    drawMode: 0
    adaptiveTiling: 0
  m_AutoTiling: 0
  m_Points:
    m_Paths:
    - - {x: 0.95, y: -1.9799999}
      - {x: 1.22, y: -1.9799999}
      - {x: 1.24, y: -1.9599999}
      - {x: 1.61, y: -1.9599999}
      - {x: 1.79, y: -1.9499999}
      - {x: 1.9699999, y: -1.93}
      - {x: 2.12, y: -1.92}
      - {x: 2.4099998, y: -1.92}
      - {x: 2.55, y: -1.9}
      - {x: 2.59, y: -1.88}
      - {x: 2.6599998, y: -1.77}
      - {x: 2.6599998, y: -1.68}
      - {x: 2.71, y: -1.5799999}
      - {x: 2.77, y: -1.31}
      - {x: 2.81, y: -1.17}
      - {x: 2.8799999, y: -0.84}
      - {x: 2.87, y: -0.66999996}
      - {x: 2.85, y: -0.45999998}
      - {x: 2.86, y: -0.41}
      - {x: 2.86, y: -0.26999998}
      - {x: 2.8899999, y: -0.07}
      - {x: 2.8899999, y: 0.32}
      - {x: 2.86, y: 0.42999998}
      - {x: 2.79, y: 0.51}
      - {x: 2.6799998, y: 0.58}
      - {x: 2.56, y: 0.64}
      - {x: 2.36, y: 0.71}
      - {x: 2.23, y: 0.75}
      - {x: 2.06, y: 0.78999996}
      - {x: 1.4599999, y: 0.89}
      - {x: 1.3399999, y: 0.91999996}
      - {x: 1.27, y: 0.96999997}
      - {x: 1.05, y: 1.13}
      - {x: 0.91999996, y: 1.29}
      - {x: 0.79999995, y: 1.42}
      - {x: 0.71999997, y: 1.48}
      - {x: 0.65, y: 1.52}
      - {x: 0.51, y: 1.54}
      - {x: 0.39999998, y: 1.54}
      - {x: 0.29, y: 1.5}
      - {x: 0.14, y: 1.43}
      - {x: -0.07, y: 1.3199999}
      - {x: -0.16, y: 1.27}
      - {x: -0.48, y: 1.0799999}
      - {x: -0.75, y: 0.9}
      - {x: -0.83, y: 0.84}
      - {x: -0.96, y: 0.72999996}
      - {x: -0.90999997, y: 0.82}
      - {x: -0.84, y: 0.93}
      - {x: -0.79999995, y: 1.11}
      - {x: -0.79999995, y: 1.23}
      - {x: -0.82, y: 1.3299999}
      - {x: -0.84999996, y: 1.39}
      - {x: -0.93, y: 1.52}
      - {x: -0.97999996, y: 1.5799999}
      - {x: -1.09, y: 1.67}
      - {x: -1.26, y: 1.78}
      - {x: -1.51, y: 1.91}
      - {x: -1.6899999, y: 2}
      - {x: -2.03, y: 2}
      - {x: -2.22, y: 1.8499999}
      - {x: -2.36, y: 1.77}
      - {x: -2.53, y: 1.5899999}
      - {x: -2.6699998, y: 1.38}
      - {x: -2.77, y: 1.1899999}
      - {x: -2.8899999, y: 0.96}
      - {x: -2.8899999, y: 0.69}
      - {x: -2.87, y: 0.64}
      - {x: -2.8, y: 0.53}
      - {x: -2.71, y: 0.39999998}
      - {x: -2.57, y: 0.22}
      - {x: -2.3799999, y: -0.01}
      - {x: -2.25, y: -0.21}
      - {x: -2.12, y: -0.32999998}
      - {x: -2.04, y: -0.35}
      - {x: -1.8399999, y: -0.35}
      - {x: -1.78, y: -0.32999998}
      - {x: -1.66, y: -0.26}
      - {x: -1.42, y: 0}
      - {x: -1.26, y: 0.22}
      - {x: -1.1899999, y: 0.34}
      - {x: -1.0699999, y: 0.51}
      - {x: -1.09, y: 0.42999998}
      - {x: -1.14, y: 0.19}
      - {x: -1.16, y: 0.07}
      - {x: -1.17, y: -0.01}
      - {x: -1.18, y: -0.21}
      - {x: -1.1999999, y: -0.28}
      - {x: -1.1999999, y: -0.91999996}
      - {x: -1.1899999, y: -1.0799999}
      - {x: -1.18, y: -1.26}
      - {x: -1.16, y: -1.38}
      - {x: -1.14, y: -1.4599999}
      - {x: -1.09, y: -1.5899999}
      - {x: -0.95, y: -1.8399999}
      - {x: -0.9, y: -1.9}
      - {x: -0.84999996, y: -1.9399999}
      - {x: -0.81, y: -1.9699999}
      - {x: -0.7, y: -1.9699999}
      - {x: -0.59, y: -1.99}
      - {x: -0.57, y: -2}
      - {x: 0.53999996, y: -2}
      - {x: 0.82, y: -1.99}
      - {x: 0.85999995, y: -1.99}
--- !u!50 &720147189
Rigidbody2D:
  serializedVersion: 4
  m_ObjectHideFlags: 0
  m_CorrespondingSourceObject: {fileID: 0}
  m_PrefabInstance: {fileID: 0}
  m_PrefabAsset: {fileID: 0}
  m_GameObject: {fileID: 720147187}
  m_BodyType: 2
  m_Simulated: 1
  m_UseFullKinematicContacts: 0
  m_UseAutoMass: 0
  m_Mass: 1
  m_LinearDrag: 0
  m_AngularDrag: 0.05
  m_GravityScale: 1
  m_Material: {fileID: 0}
  m_Interpolate: 0
  m_SleepingMode: 1
  m_CollisionDetection: 0
  m_Constraints: 0
--- !u!212 &720147190
SpriteRenderer:
  m_ObjectHideFlags: 0
  m_CorrespondingSourceObject: {fileID: 0}
  m_PrefabInstance: {fileID: 0}
  m_PrefabAsset: {fileID: 0}
  m_GameObject: {fileID: 720147187}
  m_Enabled: 1
  m_CastShadows: 0
  m_ReceiveShadows: 0
  m_DynamicOccludee: 1
  m_MotionVectors: 1
  m_LightProbeUsage: 1
  m_ReflectionProbeUsage: 1
  m_RayTracingMode: 0
  m_RenderingLayerMask: 1
  m_RendererPriority: 0
  m_Materials:
  - {fileID: 10754, guid: 0000000000000000f000000000000000, type: 0}
  m_StaticBatchInfo:
    firstSubMesh: 0
    subMeshCount: 0
  m_StaticBatchRoot: {fileID: 0}
  m_ProbeAnchor: {fileID: 0}
  m_LightProbeVolumeOverride: {fileID: 0}
  m_ScaleInLightmap: 1
  m_ReceiveGI: 1
  m_PreserveUVs: 0
  m_IgnoreNormalsForChartDetection: 0
  m_ImportantGI: 0
  m_StitchLightmapSeams: 1
  m_SelectedEditorRenderState: 0
  m_MinimumChartSize: 4
  m_AutoUVMaxDistance: 0.5
  m_AutoUVMaxAngle: 89
  m_LightmapParameters: {fileID: 0}
  m_SortingLayerID: 0
  m_SortingLayer: 0
  m_SortingOrder: 0
  m_Sprite: {fileID: 21300000, guid: e14b6dfb426102f4d9a0a235830ea49d, type: 3}
  m_Color: {r: 1, g: 1, b: 1, a: 1}
  m_FlipX: 0
  m_FlipY: 0
  m_DrawMode: 0
  m_Size: {x: 5.78, y: 4}
  m_AdaptiveModeThreshold: 0.5
  m_SpriteTileMode: 0
  m_WasSpriteAssigned: 1
  m_MaskInteraction: 0
  m_SpriteSortPoint: 0
--- !u!4 &720147191
Transform:
  m_ObjectHideFlags: 0
  m_CorrespondingSourceObject: {fileID: 0}
  m_PrefabInstance: {fileID: 0}
  m_PrefabAsset: {fileID: 0}
  m_GameObject: {fileID: 720147187}
  m_LocalRotation: {x: -0, y: -0, z: 0.14428253, w: 0.9895366}
  m_LocalPosition: {x: -12.6, y: 29.48, z: 0}
  m_LocalScale: {x: 1, y: 1, z: 1}
  m_Children: []
  m_Father: {fileID: 0}
  m_RootOrder: 15
  m_LocalEulerAnglesHint: {x: 0, y: 0, z: 16.591002}
--- !u!1001 &812018473
PrefabInstance:
  m_ObjectHideFlags: 0
  serializedVersion: 2
  m_Modification:
    m_TransformParent: {fileID: 0}
    m_Modifications:
    - target: {fileID: 357266528881222465, guid: 4d040a03ff6e9d2498ccab1733b72c71,
        type: 3}
      propertyPath: m_RootOrder
      value: 1
      objectReference: {fileID: 0}
    - target: {fileID: 615875755892849598, guid: 4d040a03ff6e9d2498ccab1733b72c71,
        type: 3}
      propertyPath: m_RootOrder
      value: 0
      objectReference: {fileID: 0}
    - target: {fileID: 1131743166638872303, guid: 4d040a03ff6e9d2498ccab1733b72c71,
        type: 3}
      propertyPath: m_RootOrder
      value: 4
      objectReference: {fileID: 0}
    - target: {fileID: 1497685162701583655, guid: 4d040a03ff6e9d2498ccab1733b72c71,
        type: 3}
      propertyPath: m_AnchorMin.y
      value: 0
      objectReference: {fileID: 0}
    - target: {fileID: 1497685162701583655, guid: 4d040a03ff6e9d2498ccab1733b72c71,
        type: 3}
      propertyPath: m_AnchorMax.y
      value: 0
      objectReference: {fileID: 0}
    - target: {fileID: 1497685162701583655, guid: 4d040a03ff6e9d2498ccab1733b72c71,
        type: 3}
      propertyPath: m_AnchoredPosition.x
      value: 0
      objectReference: {fileID: 0}
    - target: {fileID: 1497685162701583655, guid: 4d040a03ff6e9d2498ccab1733b72c71,
        type: 3}
      propertyPath: m_AnchoredPosition.y
      value: 0
      objectReference: {fileID: 0}
    - target: {fileID: 1506418793476571096, guid: 4d040a03ff6e9d2498ccab1733b72c71,
        type: 3}
      propertyPath: m_RootOrder
      value: 6
      objectReference: {fileID: 0}
    - target: {fileID: 4145158082613039060, guid: 4d040a03ff6e9d2498ccab1733b72c71,
        type: 3}
      propertyPath: m_RootOrder
      value: 5
      objectReference: {fileID: 0}
    - target: {fileID: 4609664354987328679, guid: 4d040a03ff6e9d2498ccab1733b72c71,
        type: 3}
      propertyPath: m_AnchorMin.y
      value: 0
      objectReference: {fileID: 0}
    - target: {fileID: 4609664354987328679, guid: 4d040a03ff6e9d2498ccab1733b72c71,
        type: 3}
      propertyPath: m_AnchorMax.y
      value: 0
      objectReference: {fileID: 0}
    - target: {fileID: 4609664354987328679, guid: 4d040a03ff6e9d2498ccab1733b72c71,
        type: 3}
      propertyPath: m_AnchoredPosition.x
      value: 0
      objectReference: {fileID: 0}
    - target: {fileID: 4609664354987328679, guid: 4d040a03ff6e9d2498ccab1733b72c71,
        type: 3}
      propertyPath: m_AnchoredPosition.y
      value: 0
      objectReference: {fileID: 0}
    - target: {fileID: 5055311196564376236, guid: 4d040a03ff6e9d2498ccab1733b72c71,
        type: 3}
      propertyPath: m_LocalPosition.x
      value: 0
      objectReference: {fileID: 0}
    - target: {fileID: 5055311196564376236, guid: 4d040a03ff6e9d2498ccab1733b72c71,
        type: 3}
      propertyPath: m_LocalPosition.y
      value: 0
      objectReference: {fileID: 0}
    - target: {fileID: 5055311196564376236, guid: 4d040a03ff6e9d2498ccab1733b72c71,
        type: 3}
      propertyPath: m_LocalPosition.z
      value: 0
      objectReference: {fileID: 0}
    - target: {fileID: 5055311196564376236, guid: 4d040a03ff6e9d2498ccab1733b72c71,
        type: 3}
      propertyPath: m_LocalRotation.x
      value: 0
      objectReference: {fileID: 0}
    - target: {fileID: 5055311196564376236, guid: 4d040a03ff6e9d2498ccab1733b72c71,
        type: 3}
      propertyPath: m_LocalRotation.y
      value: 0
      objectReference: {fileID: 0}
    - target: {fileID: 5055311196564376236, guid: 4d040a03ff6e9d2498ccab1733b72c71,
        type: 3}
      propertyPath: m_LocalRotation.z
      value: 0
      objectReference: {fileID: 0}
    - target: {fileID: 5055311196564376236, guid: 4d040a03ff6e9d2498ccab1733b72c71,
        type: 3}
      propertyPath: m_LocalRotation.w
      value: 1
      objectReference: {fileID: 0}
    - target: {fileID: 5055311196564376236, guid: 4d040a03ff6e9d2498ccab1733b72c71,
        type: 3}
      propertyPath: m_RootOrder
      value: 2
      objectReference: {fileID: 0}
    - target: {fileID: 5055311196564376236, guid: 4d040a03ff6e9d2498ccab1733b72c71,
        type: 3}
      propertyPath: m_LocalEulerAnglesHint.x
      value: 0
      objectReference: {fileID: 0}
    - target: {fileID: 5055311196564376236, guid: 4d040a03ff6e9d2498ccab1733b72c71,
        type: 3}
      propertyPath: m_LocalEulerAnglesHint.y
      value: 0
      objectReference: {fileID: 0}
    - target: {fileID: 5055311196564376236, guid: 4d040a03ff6e9d2498ccab1733b72c71,
        type: 3}
      propertyPath: m_LocalEulerAnglesHint.z
      value: 0
      objectReference: {fileID: 0}
    - target: {fileID: 5055311196564376237, guid: 4d040a03ff6e9d2498ccab1733b72c71,
        type: 3}
      propertyPath: m_Name
      value: Tank
      objectReference: {fileID: 0}
    - target: {fileID: 5055311196564376239, guid: 4d040a03ff6e9d2498ccab1733b72c71,
        type: 3}
      propertyPath: _camera
      value: 
      objectReference: {fileID: 1553428748}
    - target: {fileID: 5055311196564376239, guid: 4d040a03ff6e9d2498ccab1733b72c71,
        type: 3}
      propertyPath: _shootDebounce
      value: 0.1
      objectReference: {fileID: 0}
    - target: {fileID: 6299718480589332655, guid: 4d040a03ff6e9d2498ccab1733b72c71,
        type: 3}
      propertyPath: m_RootOrder
      value: 7
      objectReference: {fileID: 0}
    - target: {fileID: 6984112566780150400, guid: 4d040a03ff6e9d2498ccab1733b72c71,
        type: 3}
      propertyPath: m_RootOrder
      value: 2
      objectReference: {fileID: 0}
    - target: {fileID: 8893848246415899054, guid: 4d040a03ff6e9d2498ccab1733b72c71,
        type: 3}
      propertyPath: m_RootOrder
      value: 3
      objectReference: {fileID: 0}
    m_RemovedComponents: []
  m_SourcePrefab: {fileID: 100100000, guid: 4d040a03ff6e9d2498ccab1733b72c71, type: 3}
--- !u!1001 &1104142401
PrefabInstance:
  m_ObjectHideFlags: 0
  serializedVersion: 2
  m_Modification:
    m_TransformParent: {fileID: 0}
    m_Modifications:
    - target: {fileID: 7216525749731356114, guid: 5d504c2f17d13784cbe04005de74b769,
        type: 3}
      propertyPath: m_LocalPosition.x
      value: 20.1
      objectReference: {fileID: 0}
    - target: {fileID: 7216525749731356114, guid: 5d504c2f17d13784cbe04005de74b769,
        type: 3}
      propertyPath: m_LocalPosition.y
      value: 37.8
      objectReference: {fileID: 0}
    - target: {fileID: 7216525749731356114, guid: 5d504c2f17d13784cbe04005de74b769,
        type: 3}
      propertyPath: m_LocalPosition.z
      value: 0
      objectReference: {fileID: 0}
    - target: {fileID: 7216525749731356114, guid: 5d504c2f17d13784cbe04005de74b769,
        type: 3}
      propertyPath: m_LocalRotation.x
      value: 0
      objectReference: {fileID: 0}
    - target: {fileID: 7216525749731356114, guid: 5d504c2f17d13784cbe04005de74b769,
        type: 3}
      propertyPath: m_LocalRotation.y
      value: 0
      objectReference: {fileID: 0}
    - target: {fileID: 7216525749731356114, guid: 5d504c2f17d13784cbe04005de74b769,
        type: 3}
      propertyPath: m_LocalRotation.z
      value: 0
      objectReference: {fileID: 0}
    - target: {fileID: 7216525749731356114, guid: 5d504c2f17d13784cbe04005de74b769,
        type: 3}
      propertyPath: m_LocalRotation.w
      value: 1
      objectReference: {fileID: 0}
    - target: {fileID: 7216525749731356114, guid: 5d504c2f17d13784cbe04005de74b769,
        type: 3}
      propertyPath: m_RootOrder
      value: 25
      objectReference: {fileID: 0}
    - target: {fileID: 7216525749731356114, guid: 5d504c2f17d13784cbe04005de74b769,
        type: 3}
      propertyPath: m_LocalEulerAnglesHint.x
      value: 0
      objectReference: {fileID: 0}
    - target: {fileID: 7216525749731356114, guid: 5d504c2f17d13784cbe04005de74b769,
        type: 3}
      propertyPath: m_LocalEulerAnglesHint.y
      value: 0
      objectReference: {fileID: 0}
    - target: {fileID: 7216525749731356114, guid: 5d504c2f17d13784cbe04005de74b769,
        type: 3}
      propertyPath: m_LocalEulerAnglesHint.z
      value: 0
      objectReference: {fileID: 0}
    - target: {fileID: 8153471393479328463, guid: 5d504c2f17d13784cbe04005de74b769,
        type: 3}
      propertyPath: m_Name
      value: Wall right
      objectReference: {fileID: 0}
    - target: {fileID: 8418120028752020517, guid: 5d504c2f17d13784cbe04005de74b769,
        type: 3}
      propertyPath: m_Size.x
      value: 1
      objectReference: {fileID: 0}
    - target: {fileID: 8418120028752020517, guid: 5d504c2f17d13784cbe04005de74b769,
        type: 3}
      propertyPath: m_Size.y
      value: 100
      objectReference: {fileID: 0}
    - target: {fileID: 8603093888792901336, guid: 5d504c2f17d13784cbe04005de74b769,
        type: 3}
      propertyPath: m_Color.r
      value: 0
      objectReference: {fileID: 0}
    - target: {fileID: 8603093888792901336, guid: 5d504c2f17d13784cbe04005de74b769,
        type: 3}
      propertyPath: m_Color.g
      value: 0
      objectReference: {fileID: 0}
    - target: {fileID: 8603093888792901336, guid: 5d504c2f17d13784cbe04005de74b769,
        type: 3}
      propertyPath: m_Color.b
      value: 0
      objectReference: {fileID: 0}
    m_RemovedComponents: []
  m_SourcePrefab: {fileID: 100100000, guid: 5d504c2f17d13784cbe04005de74b769, type: 3}
--- !u!1 &1483879325
GameObject:
  m_ObjectHideFlags: 0
  m_CorrespondingSourceObject: {fileID: 0}
  m_PrefabInstance: {fileID: 0}
  m_PrefabAsset: {fileID: 0}
  serializedVersion: 6
  m_Component:
  - component: {fileID: 1483879329}
  - component: {fileID: 1483879328}
  - component: {fileID: 1483879327}
  - component: {fileID: 1483879326}
  m_Layer: 0
  m_Name: rock4 (1)
  m_TagString: Untagged
  m_Icon: {fileID: 0}
  m_NavMeshLayer: 0
  m_StaticEditorFlags: 0
  m_IsActive: 1
--- !u!60 &1483879326
PolygonCollider2D:
  m_ObjectHideFlags: 0
  m_CorrespondingSourceObject: {fileID: 0}
  m_PrefabInstance: {fileID: 0}
  m_PrefabAsset: {fileID: 0}
  m_GameObject: {fileID: 1483879325}
  m_Enabled: 1
  m_Density: 1
  m_Material: {fileID: 0}
  m_IsTrigger: 0
  m_UsedByEffector: 0
  m_UsedByComposite: 0
  m_Offset: {x: 0, y: 0}
  m_SpriteTilingProperty:
    border: {x: 0, y: 0, z: 0, w: 0}
    pivot: {x: 0.5, y: 0.5}
    oldSize: {x: 3.98, y: 2.76}
    newSize: {x: 3.98, y: 2.76}
    adaptiveTilingThreshold: 0.5
    drawMode: 0
    adaptiveTiling: 0
  m_AutoTiling: 0
  m_Points:
    m_Paths:
    - - {x: 1.5699999, y: -0.79999995}
      - {x: 1.66, y: -0.65}
      - {x: 1.73, y: -0.52}
      - {x: 1.88, y: -0.26999998}
      - {x: 1.99, y: -0.06}
      - {x: 1.99, y: 0.39999998}
      - {x: 1.9799999, y: 0.45999998}
      - {x: 1.9499999, y: 0.56}
      - {x: 1.8499999, y: 0.69}
      - {x: 1.7099999, y: 0.78999996}
      - {x: 1.5899999, y: 0.88}
      - {x: 1.42, y: 0.96}
      - {x: 1.17, y: 1.0699999}
      - {x: 1.03, y: 1.12}
      - {x: 0.94, y: 1.15}
      - {x: 0.59999996, y: 1.25}
      - {x: 0.45999998, y: 1.31}
      - {x: 0.35, y: 1.35}
      - {x: 0.26, y: 1.38}
      - {x: -0.32, y: 1.38}
      - {x: -0.42999998, y: 1.35}
      - {x: -0.65999997, y: 1.23}
      - {x: -0.74, y: 1.18}
      - {x: -0.94, y: 1.03}
      - {x: -1.12, y: 0.85999995}
      - {x: -1.23, y: 0.76}
      - {x: -1.4599999, y: 0.51}
      - {x: -1.66, y: 0.21}
      - {x: -1.77, y: 0.02}
      - {x: -1.9, y: -0.17999999}
      - {x: -1.9599999, y: -0.35}
      - {x: -1.99, y: -0.42999998}
      - {x: -1.99, y: -0.77}
      - {x: -1.9499999, y: -0.85999995}
      - {x: -1.9, y: -0.94}
      - {x: -1.79, y: -1.0699999}
      - {x: -1.65, y: -1.12}
      - {x: -1.36, y: -1.2099999}
      - {x: -1.06, y: -1.3}
      - {x: -0.90999997, y: -1.31}
      - {x: -0.78999996, y: -1.3199999}
      - {x: -0.59999996, y: -1.3299999}
      - {x: -0.39999998, y: -1.3399999}
      - {x: -0.049999997, y: -1.37}
      - {x: 0.06, y: -1.38}
      - {x: 0.96999997, y: -1.38}
      - {x: 1.11, y: -1.31}
      - {x: 1.27, y: -1.17}
      - {x: 1.4499999, y: -0.96}
--- !u!50 &1483879327
Rigidbody2D:
  serializedVersion: 4
  m_ObjectHideFlags: 0
  m_CorrespondingSourceObject: {fileID: 0}
  m_PrefabInstance: {fileID: 0}
  m_PrefabAsset: {fileID: 0}
  m_GameObject: {fileID: 1483879325}
  m_BodyType: 2
  m_Simulated: 1
  m_UseFullKinematicContacts: 0
  m_UseAutoMass: 0
  m_Mass: 1
  m_LinearDrag: 0
  m_AngularDrag: 0.05
  m_GravityScale: 1
  m_Material: {fileID: 0}
  m_Interpolate: 0
  m_SleepingMode: 1
  m_CollisionDetection: 0
  m_Constraints: 0
--- !u!212 &1483879328
SpriteRenderer:
  m_ObjectHideFlags: 0
  m_CorrespondingSourceObject: {fileID: 0}
  m_PrefabInstance: {fileID: 0}
  m_PrefabAsset: {fileID: 0}
  m_GameObject: {fileID: 1483879325}
  m_Enabled: 1
  m_CastShadows: 0
  m_ReceiveShadows: 0
  m_DynamicOccludee: 1
  m_MotionVectors: 1
  m_LightProbeUsage: 1
  m_ReflectionProbeUsage: 1
  m_RayTracingMode: 0
  m_RenderingLayerMask: 1
  m_RendererPriority: 0
  m_Materials:
  - {fileID: 10754, guid: 0000000000000000f000000000000000, type: 0}
  m_StaticBatchInfo:
    firstSubMesh: 0
    subMeshCount: 0
  m_StaticBatchRoot: {fileID: 0}
  m_ProbeAnchor: {fileID: 0}
  m_LightProbeVolumeOverride: {fileID: 0}
  m_ScaleInLightmap: 1
  m_ReceiveGI: 1
  m_PreserveUVs: 0
  m_IgnoreNormalsForChartDetection: 0
  m_ImportantGI: 0
  m_StitchLightmapSeams: 1
  m_SelectedEditorRenderState: 0
  m_MinimumChartSize: 4
  m_AutoUVMaxDistance: 0.5
  m_AutoUVMaxAngle: 89
  m_LightmapParameters: {fileID: 0}
  m_SortingLayerID: 0
  m_SortingLayer: 0
  m_SortingOrder: 0
  m_Sprite: {fileID: 21300000, guid: ea9ca4967a2c3fe4b93e70030fb246df, type: 3}
  m_Color: {r: 1, g: 1, b: 1, a: 1}
  m_FlipX: 0
  m_FlipY: 0
  m_DrawMode: 0
  m_Size: {x: 3.98, y: 2.76}
  m_AdaptiveModeThreshold: 0.5
  m_SpriteTileMode: 0
  m_WasSpriteAssigned: 1
  m_MaskInteraction: 0
  m_SpriteSortPoint: 0
--- !u!4 &1483879329
Transform:
  m_ObjectHideFlags: 0
  m_CorrespondingSourceObject: {fileID: 0}
  m_PrefabInstance: {fileID: 0}
  m_PrefabAsset: {fileID: 0}
  m_GameObject: {fileID: 1483879325}
  m_LocalRotation: {x: -0, y: -0, z: 0.26777008, w: -0.9634829}
  m_LocalPosition: {x: -8.67, y: 31.94, z: 0}
  m_LocalScale: {x: 1, y: 1, z: 1}
  m_Children: []
  m_Father: {fileID: 0}
  m_RootOrder: 18
  m_LocalEulerAnglesHint: {x: 0, y: 0, z: -31.063002}
--- !u!1 &1524610503
GameObject:
  m_ObjectHideFlags: 0
  m_CorrespondingSourceObject: {fileID: 0}
  m_PrefabInstance: {fileID: 0}
  m_PrefabAsset: {fileID: 0}
  serializedVersion: 6
  m_Component:
  - component: {fileID: 1524610507}
  - component: {fileID: 1524610506}
  - component: {fileID: 1524610505}
  - component: {fileID: 1524610504}
  m_Layer: 0
  m_Name: rock3 (1)
  m_TagString: Untagged
  m_Icon: {fileID: 0}
  m_NavMeshLayer: 0
  m_StaticEditorFlags: 0
  m_IsActive: 1
--- !u!60 &1524610504
PolygonCollider2D:
  m_ObjectHideFlags: 0
  m_CorrespondingSourceObject: {fileID: 0}
  m_PrefabInstance: {fileID: 0}
  m_PrefabAsset: {fileID: 0}
  m_GameObject: {fileID: 1524610503}
  m_Enabled: 1
  m_Density: 1
  m_Material: {fileID: 0}
  m_IsTrigger: 0
  m_UsedByEffector: 0
  m_UsedByComposite: 0
  m_Offset: {x: 0, y: 0}
  m_SpriteTilingProperty:
    border: {x: 0, y: 0, z: 0, w: 0}
    pivot: {x: 0.5, y: 0.5}
    oldSize: {x: 2.05, y: 1.84}
    newSize: {x: 2.05, y: 1.84}
    adaptiveTilingThreshold: 0.5
    drawMode: 0
    adaptiveTiling: 0
  m_AutoTiling: 0
  m_Points:
    m_Paths:
    - - {x: 0.45499998, y: -0.64}
      - {x: 0.825, y: -0.45}
      - {x: 0.98499995, y: -0.32}
      - {x: 1.005, y: -0.26999998}
      - {x: 1.025, y: -0.19}
      - {x: 1.025, y: 0.31}
      - {x: 0.98499995, y: 0.39}
      - {x: 0.905, y: 0.51}
      - {x: 0.775, y: 0.68}
      - {x: 0.625, y: 0.82}
      - {x: 0.53499997, y: 0.88}
      - {x: 0.42499998, y: 0.91999996}
      - {x: 0.114999995, y: 0.91999996}
      - {x: -0.125, y: 0.81}
      - {x: -0.53499997, y: 0.62}
      - {x: -0.775, y: 0.5}
      - {x: -0.875, y: 0.42}
      - {x: -0.935, y: 0.29}
      - {x: -0.965, y: 0.17999999}
      - {x: -1.005, y: -0.04}
      - {x: -1.025, y: -0.22999999}
      - {x: -1.025, y: -0.76}
      - {x: -0.965, y: -0.84}
      - {x: -0.835, y: -0.89}
      - {x: -0.675, y: -0.91999996}
      - {x: -0.155, y: -0.91999996}
      - {x: -0.145, y: -0.90999997}
      - {x: -0.005, y: -0.88}
      - {x: 0.155, y: -0.78999996}
--- !u!50 &1524610505
Rigidbody2D:
  serializedVersion: 4
  m_ObjectHideFlags: 0
  m_CorrespondingSourceObject: {fileID: 0}
  m_PrefabInstance: {fileID: 0}
  m_PrefabAsset: {fileID: 0}
  m_GameObject: {fileID: 1524610503}
  m_BodyType: 2
  m_Simulated: 1
  m_UseFullKinematicContacts: 0
  m_UseAutoMass: 0
  m_Mass: 1
  m_LinearDrag: 0
  m_AngularDrag: 0.05
  m_GravityScale: 1
  m_Material: {fileID: 0}
  m_Interpolate: 0
  m_SleepingMode: 1
  m_CollisionDetection: 0
  m_Constraints: 0
--- !u!212 &1524610506
SpriteRenderer:
  m_ObjectHideFlags: 0
  m_CorrespondingSourceObject: {fileID: 0}
  m_PrefabInstance: {fileID: 0}
  m_PrefabAsset: {fileID: 0}
  m_GameObject: {fileID: 1524610503}
  m_Enabled: 1
  m_CastShadows: 0
  m_ReceiveShadows: 0
  m_DynamicOccludee: 1
  m_MotionVectors: 1
  m_LightProbeUsage: 1
  m_ReflectionProbeUsage: 1
  m_RayTracingMode: 0
  m_RenderingLayerMask: 1
  m_RendererPriority: 0
  m_Materials:
  - {fileID: 10754, guid: 0000000000000000f000000000000000, type: 0}
  m_StaticBatchInfo:
    firstSubMesh: 0
    subMeshCount: 0
  m_StaticBatchRoot: {fileID: 0}
  m_ProbeAnchor: {fileID: 0}
  m_LightProbeVolumeOverride: {fileID: 0}
  m_ScaleInLightmap: 1
  m_ReceiveGI: 1
  m_PreserveUVs: 0
  m_IgnoreNormalsForChartDetection: 0
  m_ImportantGI: 0
  m_StitchLightmapSeams: 1
  m_SelectedEditorRenderState: 0
  m_MinimumChartSize: 4
  m_AutoUVMaxDistance: 0.5
  m_AutoUVMaxAngle: 89
  m_LightmapParameters: {fileID: 0}
  m_SortingLayerID: 0
  m_SortingLayer: 0
  m_SortingOrder: 0
  m_Sprite: {fileID: 21300000, guid: b643b66d437962a4a8a0ba2756e1d533, type: 3}
  m_Color: {r: 1, g: 1, b: 1, a: 1}
  m_FlipX: 0
  m_FlipY: 0
  m_DrawMode: 0
  m_Size: {x: 2.05, y: 1.84}
  m_AdaptiveModeThreshold: 0.5
  m_SpriteTileMode: 0
  m_WasSpriteAssigned: 1
  m_MaskInteraction: 0
  m_SpriteSortPoint: 0
--- !u!4 &1524610507
Transform:
  m_ObjectHideFlags: 0
  m_CorrespondingSourceObject: {fileID: 0}
  m_PrefabInstance: {fileID: 0}
  m_PrefabAsset: {fileID: 0}
  m_GameObject: {fileID: 1524610503}
  m_LocalRotation: {x: -0, y: -0, z: 0.9382319, w: -0.34600723}
  m_LocalPosition: {x: 7.73, y: -4.09, z: 0}
  m_LocalScale: {x: 1, y: 1, z: 1}
  m_Children: []
  m_Father: {fileID: 0}
  m_RootOrder: 14
  m_LocalEulerAnglesHint: {x: 0, y: 0, z: -139.513}
--- !u!1 &1553428746
GameObject:
  m_ObjectHideFlags: 0
  m_CorrespondingSourceObject: {fileID: 0}
  m_PrefabInstance: {fileID: 0}
  m_PrefabAsset: {fileID: 0}
  serializedVersion: 6
  m_Component:
  - component: {fileID: 1553428749}
  - component: {fileID: 1553428748}
  - component: {fileID: 1553428747}
  m_Layer: 0
  m_Name: Main Camera
  m_TagString: MainCamera
  m_Icon: {fileID: 0}
  m_NavMeshLayer: 0
  m_StaticEditorFlags: 0
  m_IsActive: 1
--- !u!81 &1553428747
AudioListener:
  m_ObjectHideFlags: 0
  m_CorrespondingSourceObject: {fileID: 0}
  m_PrefabInstance: {fileID: 0}
  m_PrefabAsset: {fileID: 0}
  m_GameObject: {fileID: 1553428746}
  m_Enabled: 1
--- !u!20 &1553428748
Camera:
  m_ObjectHideFlags: 0
  m_CorrespondingSourceObject: {fileID: 0}
  m_PrefabInstance: {fileID: 0}
  m_PrefabAsset: {fileID: 0}
  m_GameObject: {fileID: 1553428746}
  m_Enabled: 1
  serializedVersion: 2
  m_ClearFlags: 1
  m_BackGroundColor: {r: 0, g: 0, b: 0, a: 0}
  m_projectionMatrixMode: 1
  m_GateFitMode: 2
  m_FOVAxisMode: 0
  m_SensorSize: {x: 36, y: 24}
  m_LensShift: {x: 0, y: 0}
  m_FocalLength: 50
  m_NormalizedViewPortRect:
    serializedVersion: 2
    x: 0
    y: 0
    width: 1
    height: 1
  near clip plane: 0.3
  far clip plane: 1000
  field of view: 60
  orthographic: 1
  orthographic size: 10.25
  m_Depth: -1
  m_CullingMask:
    serializedVersion: 2
    m_Bits: 4294967295
  m_RenderingPath: -1
  m_TargetTexture: {fileID: 0}
  m_TargetDisplay: 0
  m_TargetEye: 3
  m_HDR: 1
  m_AllowMSAA: 1
  m_AllowDynamicResolution: 0
  m_ForceIntoRT: 0
  m_OcclusionCulling: 1
  m_StereoConvergence: 10
  m_StereoSeparation: 0.022
--- !u!4 &1553428749
Transform:
  m_ObjectHideFlags: 0
  m_CorrespondingSourceObject: {fileID: 0}
  m_PrefabInstance: {fileID: 0}
  m_PrefabAsset: {fileID: 0}
  m_GameObject: {fileID: 1553428746}
  m_LocalRotation: {x: 0, y: 0, z: 0, w: 1}
  m_LocalPosition: {x: 0, y: 0, z: -10}
  m_LocalScale: {x: 1, y: 1, z: 1}
  m_Children: []
  m_Father: {fileID: 0}
  m_RootOrder: 0
  m_LocalEulerAnglesHint: {x: 0, y: 0, z: 0}
--- !u!1 &1678988715
GameObject:
  m_ObjectHideFlags: 0
  m_CorrespondingSourceObject: {fileID: 0}
  m_PrefabInstance: {fileID: 0}
  m_PrefabAsset: {fileID: 0}
  serializedVersion: 6
  m_Component:
  - component: {fileID: 1678988719}
  - component: {fileID: 1678988718}
  - component: {fileID: 1678988717}
  - component: {fileID: 1678988716}
  m_Layer: 0
  m_Name: rock6 (1)
  m_TagString: Untagged
  m_Icon: {fileID: 0}
  m_NavMeshLayer: 0
  m_StaticEditorFlags: 0
  m_IsActive: 1
--- !u!60 &1678988716
PolygonCollider2D:
  m_ObjectHideFlags: 0
  m_CorrespondingSourceObject: {fileID: 0}
  m_PrefabInstance: {fileID: 0}
  m_PrefabAsset: {fileID: 0}
  m_GameObject: {fileID: 1678988715}
  m_Enabled: 1
  m_Density: 1
  m_Material: {fileID: 0}
  m_IsTrigger: 0
  m_UsedByEffector: 0
  m_UsedByComposite: 0
  m_Offset: {x: 0, y: 0}
  m_SpriteTilingProperty:
    border: {x: 0, y: 0, z: 0, w: 0}
    pivot: {x: 0.5, y: 0.5}
    oldSize: {x: 5.33, y: 3.18}
    newSize: {x: 5.33, y: 3.18}
    adaptiveTilingThreshold: 0.5
    drawMode: 0
    adaptiveTiling: 0
  m_AutoTiling: 0
  m_Points:
    m_Paths:
    - - {x: 0.825, y: -1.4699999}
      - {x: 1.1949999, y: -1.39}
      - {x: 1.405, y: -1.3399999}
      - {x: 1.4449999, y: -1.3299999}
      - {x: 1.495, y: -1.3199999}
      - {x: 1.7149999, y: -1.27}
      - {x: 1.9649999, y: -1.1999999}
      - {x: 2.085, y: -1.16}
      - {x: 2.185, y: -1.05}
      - {x: 2.225, y: -0.98999995}
      - {x: 2.315, y: -0.90999997}
      - {x: 2.425, y: -0.77}
      - {x: 2.5449998, y: -0.58}
      - {x: 2.585, y: -0.48999998}
      - {x: 2.635, y: -0.38}
      - {x: 2.665, y: -0.32}
      - {x: 2.665, y: 0.14}
      - {x: 2.645, y: 0.32}
      - {x: 2.635, y: 0.32999998}
      - {x: 2.635, y: 0.65999997}
      - {x: 2.655, y: 0.65999997}
      - {x: 2.655, y: 0.96}
      - {x: 2.635, y: 1.0799999}
      - {x: 2.615, y: 1.2099999}
      - {x: 2.5349998, y: 1.35}
      - {x: 2.415, y: 1.48}
      - {x: 2.345, y: 1.54}
      - {x: 2.245, y: 1.5899999}
      - {x: 2.0049999, y: 1.5899999}
      - {x: 1.9549999, y: 1.5799999}
      - {x: 1.675, y: 1.51}
      - {x: 1.485, y: 1.4699999}
      - {x: 1.1949999, y: 1.4}
      - {x: 1.115, y: 1.38}
      - {x: 1.045, y: 1.36}
      - {x: 0.675, y: 1.27}
      - {x: 0.525, y: 1.24}
      - {x: 0.355, y: 1.1999999}
      - {x: 0.275, y: 1.18}
      - {x: 0.055, y: 1.14}
      - {x: -0.074999996, y: 1.1}
      - {x: -0.16499999, y: 1.0699999}
      - {x: -0.42499998, y: 0.97999996}
      - {x: -0.565, y: 0.90999997}
      - {x: -0.565, y: 0.95}
      - {x: -0.645, y: 1.01}
      - {x: -0.805, y: 1.0699999}
      - {x: -1.0849999, y: 1.0699999}
      - {x: -1.155, y: 1.06}
      - {x: -1.2149999, y: 1.04}
      - {x: -1.365, y: 1}
      - {x: -1.415, y: 0.97999996}
      - {x: -1.5949999, y: 0.90999997}
      - {x: -1.905, y: 0.79999995}
      - {x: -2.0349998, y: 0.75}
      - {x: -2.145, y: 0.7}
      - {x: -2.305, y: 0.61}
      - {x: -2.465, y: 0.45}
      - {x: -2.5149999, y: 0.39}
      - {x: -2.645, y: 0.16}
      - {x: -2.665, y: 0.11}
      - {x: -2.665, y: -0.08}
      - {x: -2.635, y: -0.14999999}
      - {x: -2.5249999, y: -0.32999998}
      - {x: -2.325, y: -0.52}
      - {x: -2.115, y: -0.66999996}
      - {x: -2.0049999, y: -0.71999997}
      - {x: -1.925, y: -0.71}
      - {x: -1.8549999, y: -0.68}
      - {x: -1.735, y: -0.61}
      - {x: -1.615, y: -0.52}
      - {x: -1.495, y: -0.39999998}
      - {x: -1.425, y: -0.35}
      - {x: -1.295, y: -0.22999999}
      - {x: -1.295, y: -0.37}
      - {x: -1.285, y: -0.62}
      - {x: -1.265, y: -0.77}
      - {x: -1.2149999, y: -0.91999996}
      - {x: -1.175, y: -1.01}
      - {x: -1.045, y: -1.13}
      - {x: -0.84499997, y: -1.27}
      - {x: -0.79499996, y: -1.31}
      - {x: -0.675, y: -1.39}
      - {x: -0.59499997, y: -1.4499999}
      - {x: -0.42499998, y: -1.5699999}
      - {x: -0.385, y: -1.5899999}
      - {x: 0.095, y: -1.5899999}
      - {x: 0.39499998, y: -1.55}
      - {x: 0.72499996, y: -1.49}
--- !u!50 &1678988717
Rigidbody2D:
  serializedVersion: 4
  m_ObjectHideFlags: 0
  m_CorrespondingSourceObject: {fileID: 0}
  m_PrefabInstance: {fileID: 0}
  m_PrefabAsset: {fileID: 0}
  m_GameObject: {fileID: 1678988715}
  m_BodyType: 2
  m_Simulated: 1
  m_UseFullKinematicContacts: 0
  m_UseAutoMass: 0
  m_Mass: 1
  m_LinearDrag: 0
  m_AngularDrag: 0.05
  m_GravityScale: 1
  m_Material: {fileID: 0}
  m_Interpolate: 0
  m_SleepingMode: 1
  m_CollisionDetection: 0
  m_Constraints: 0
--- !u!212 &1678988718
SpriteRenderer:
  m_ObjectHideFlags: 0
  m_CorrespondingSourceObject: {fileID: 0}
  m_PrefabInstance: {fileID: 0}
  m_PrefabAsset: {fileID: 0}
  m_GameObject: {fileID: 1678988715}
  m_Enabled: 1
  m_CastShadows: 0
  m_ReceiveShadows: 0
  m_DynamicOccludee: 1
  m_MotionVectors: 1
  m_LightProbeUsage: 1
  m_ReflectionProbeUsage: 1
  m_RayTracingMode: 0
  m_RenderingLayerMask: 1
  m_RendererPriority: 0
  m_Materials:
  - {fileID: 10754, guid: 0000000000000000f000000000000000, type: 0}
  m_StaticBatchInfo:
    firstSubMesh: 0
    subMeshCount: 0
  m_StaticBatchRoot: {fileID: 0}
  m_ProbeAnchor: {fileID: 0}
  m_LightProbeVolumeOverride: {fileID: 0}
  m_ScaleInLightmap: 1
  m_ReceiveGI: 1
  m_PreserveUVs: 0
  m_IgnoreNormalsForChartDetection: 0
  m_ImportantGI: 0
  m_StitchLightmapSeams: 1
  m_SelectedEditorRenderState: 0
  m_MinimumChartSize: 4
  m_AutoUVMaxDistance: 0.5
  m_AutoUVMaxAngle: 89
  m_LightmapParameters: {fileID: 0}
  m_SortingLayerID: 0
  m_SortingLayer: 0
  m_SortingOrder: 0
  m_Sprite: {fileID: 21300000, guid: b004df9c8f559584991f6b0af041e0d1, type: 3}
  m_Color: {r: 1, g: 1, b: 1, a: 1}
  m_FlipX: 0
  m_FlipY: 0
  m_DrawMode: 0
  m_Size: {x: 5.33, y: 3.18}
  m_AdaptiveModeThreshold: 0.5
  m_SpriteTileMode: 0
  m_WasSpriteAssigned: 1
  m_MaskInteraction: 0
  m_SpriteSortPoint: 0
--- !u!4 &1678988719
Transform:
  m_ObjectHideFlags: 0
  m_CorrespondingSourceObject: {fileID: 0}
  m_PrefabInstance: {fileID: 0}
  m_PrefabAsset: {fileID: 0}
  m_GameObject: {fileID: 1678988715}
  m_LocalRotation: {x: -0, y: -0, z: 0.2509435, w: -0.9680017}
  m_LocalPosition: {x: -7.8, y: 37.02, z: 0}
  m_LocalScale: {x: 1, y: 1, z: 1}
  m_Children: []
  m_Father: {fileID: 0}
  m_RootOrder: 20
  m_LocalEulerAnglesHint: {x: 0, y: 0, z: -389.06702}
--- !u!1 &1800719111
GameObject:
  m_ObjectHideFlags: 0
  m_CorrespondingSourceObject: {fileID: 0}
  m_PrefabInstance: {fileID: 0}
  m_PrefabAsset: {fileID: 0}
  serializedVersion: 6
  m_Component:
  - component: {fileID: 1800719113}
  - component: {fileID: 1800719112}
  m_Layer: 0
  m_Name: target
  m_TagString: Untagged
  m_Icon: {fileID: 0}
  m_NavMeshLayer: 0
  m_StaticEditorFlags: 0
  m_IsActive: 1
--- !u!212 &1800719112
SpriteRenderer:
  m_ObjectHideFlags: 0
  m_CorrespondingSourceObject: {fileID: 0}
  m_PrefabInstance: {fileID: 0}
  m_PrefabAsset: {fileID: 0}
  m_GameObject: {fileID: 1800719111}
  m_Enabled: 1
  m_CastShadows: 0
  m_ReceiveShadows: 0
  m_DynamicOccludee: 1
  m_MotionVectors: 1
  m_LightProbeUsage: 1
  m_ReflectionProbeUsage: 1
  m_RayTracingMode: 0
  m_RenderingLayerMask: 1
  m_RendererPriority: 0
  m_Materials:
  - {fileID: 10754, guid: 0000000000000000f000000000000000, type: 0}
  m_StaticBatchInfo:
    firstSubMesh: 0
    subMeshCount: 0
  m_StaticBatchRoot: {fileID: 0}
  m_ProbeAnchor: {fileID: 0}
  m_LightProbeVolumeOverride: {fileID: 0}
  m_ScaleInLightmap: 1
  m_ReceiveGI: 1
  m_PreserveUVs: 0
  m_IgnoreNormalsForChartDetection: 0
  m_ImportantGI: 0
  m_StitchLightmapSeams: 1
  m_SelectedEditorRenderState: 0
  m_MinimumChartSize: 4
  m_AutoUVMaxDistance: 0.5
  m_AutoUVMaxAngle: 89
  m_LightmapParameters: {fileID: 0}
  m_SortingLayerID: 0
  m_SortingLayer: 0
  m_SortingOrder: 0
  m_Sprite: {fileID: 21300000, guid: 1e202bd55be96e14aad53da9ac3df6f9, type: 3}
  m_Color: {r: 1, g: 1, b: 1, a: 1}
  m_FlipX: 0
  m_FlipY: 0
  m_DrawMode: 0
  m_Size: {x: 9.66, y: 9.66}
  m_AdaptiveModeThreshold: 0.5
  m_SpriteTileMode: 0
  m_WasSpriteAssigned: 1
  m_MaskInteraction: 0
  m_SpriteSortPoint: 0
--- !u!4 &1800719113
Transform:
  m_ObjectHideFlags: 0
  m_CorrespondingSourceObject: {fileID: 0}
  m_PrefabInstance: {fileID: 0}
  m_PrefabAsset: {fileID: 0}
  m_GameObject: {fileID: 1800719111}
  m_LocalRotation: {x: 0, y: 0, z: 0, w: 1}
  m_LocalPosition: {x: -7.6, y: 79.5, z: 0}
  m_LocalScale: {x: 1, y: 1, z: 1}
  m_Children: []
  m_Father: {fileID: 0}
  m_RootOrder: 5
  m_LocalEulerAnglesHint: {x: 0, y: 0, z: 0}
--- !u!1 &2079375167
GameObject:
  m_ObjectHideFlags: 0
  m_CorrespondingSourceObject: {fileID: 0}
  m_PrefabInstance: {fileID: 0}
  m_PrefabAsset: {fileID: 0}
  serializedVersion: 6
  m_Component:
  - component: {fileID: 2079375171}
  - component: {fileID: 2079375170}
  - component: {fileID: 2079375169}
  - component: {fileID: 2079375168}
  m_Layer: 0
  m_Name: rock8 (1)
  m_TagString: Untagged
  m_Icon: {fileID: 0}
  m_NavMeshLayer: 0
  m_StaticEditorFlags: 0
  m_IsActive: 1
--- !u!60 &2079375168
PolygonCollider2D:
  m_ObjectHideFlags: 0
  m_CorrespondingSourceObject: {fileID: 0}
  m_PrefabInstance: {fileID: 0}
  m_PrefabAsset: {fileID: 0}
  m_GameObject: {fileID: 2079375167}
  m_Enabled: 1
  m_Density: 1
  m_Material: {fileID: 0}
  m_IsTrigger: 0
  m_UsedByEffector: 0
  m_UsedByComposite: 0
  m_Offset: {x: 0, y: 0}
  m_SpriteTilingProperty:
    border: {x: 0, y: 0, z: 0, w: 0}
    pivot: {x: 0.5, y: 0.5}
    oldSize: {x: 2.14, y: 1.81}
    newSize: {x: 2.14, y: 1.81}
    adaptiveTilingThreshold: 0.5
    drawMode: 0
    adaptiveTiling: 0
  m_AutoTiling: 0
  m_Points:
    m_Paths:
    - - {x: 0.64, y: -0.505}
      - {x: 0.74, y: -0.36499998}
      - {x: 0.88, y: -0.16499999}
      - {x: 0.94, y: -0.105}
      - {x: 0.98999995, y: -0.015}
      - {x: 1.0699999, y: 0.16499999}
      - {x: 1.0699999, y: 0.405}
      - {x: 1.05, y: 0.45499998}
      - {x: 0.96, y: 0.575}
      - {x: 0.84, y: 0.675}
      - {x: 0.75, y: 0.715}
      - {x: 0.41, y: 0.815}
      - {x: 0.13, y: 0.905}
      - {x: -0.21, y: 0.905}
      - {x: -0.39, y: 0.745}
      - {x: -0.56, y: 0.565}
      - {x: -0.61, y: 0.505}
      - {x: -0.74, y: 0.325}
      - {x: -0.87, y: 0.125}
      - {x: -0.95, y: 0.024999999}
      - {x: -1.0699999, y: -0.205}
      - {x: -1.0699999, y: -0.445}
      - {x: -1.03, y: -0.515}
      - {x: -0.90999997, y: -0.645}
      - {x: -0.71999997, y: -0.745}
      - {x: -0.51, y: -0.775}
      - {x: -0.41, y: -0.825}
      - {x: -0.26999998, y: -0.905}
      - {x: 0.19, y: -0.905}
      - {x: 0.28, y: -0.85499996}
      - {x: 0.5, y: -0.705}
      - {x: 0.58, y: -0.60499996}
--- !u!50 &2079375169
Rigidbody2D:
  serializedVersion: 4
  m_ObjectHideFlags: 0
  m_CorrespondingSourceObject: {fileID: 0}
  m_PrefabInstance: {fileID: 0}
  m_PrefabAsset: {fileID: 0}
  m_GameObject: {fileID: 2079375167}
  m_BodyType: 2
  m_Simulated: 1
  m_UseFullKinematicContacts: 0
  m_UseAutoMass: 0
  m_Mass: 1
  m_LinearDrag: 0
  m_AngularDrag: 0.05
  m_GravityScale: 1
  m_Material: {fileID: 0}
  m_Interpolate: 0
  m_SleepingMode: 1
  m_CollisionDetection: 0
  m_Constraints: 0
--- !u!212 &2079375170
SpriteRenderer:
  m_ObjectHideFlags: 0
  m_CorrespondingSourceObject: {fileID: 0}
  m_PrefabInstance: {fileID: 0}
  m_PrefabAsset: {fileID: 0}
  m_GameObject: {fileID: 2079375167}
  m_Enabled: 1
  m_CastShadows: 0
  m_ReceiveShadows: 0
  m_DynamicOccludee: 1
  m_MotionVectors: 1
  m_LightProbeUsage: 1
  m_ReflectionProbeUsage: 1
  m_RayTracingMode: 0
  m_RenderingLayerMask: 1
  m_RendererPriority: 0
  m_Materials:
  - {fileID: 10754, guid: 0000000000000000f000000000000000, type: 0}
  m_StaticBatchInfo:
    firstSubMesh: 0
    subMeshCount: 0
  m_StaticBatchRoot: {fileID: 0}
  m_ProbeAnchor: {fileID: 0}
  m_LightProbeVolumeOverride: {fileID: 0}
  m_ScaleInLightmap: 1
  m_ReceiveGI: 1
  m_PreserveUVs: 0
  m_IgnoreNormalsForChartDetection: 0
  m_ImportantGI: 0
  m_StitchLightmapSeams: 1
  m_SelectedEditorRenderState: 0
  m_MinimumChartSize: 4
  m_AutoUVMaxDistance: 0.5
  m_AutoUVMaxAngle: 89
  m_LightmapParameters: {fileID: 0}
  m_SortingLayerID: 0
  m_SortingLayer: 0
  m_SortingOrder: 0
  m_Sprite: {fileID: 21300000, guid: cdba54d503cd8a6478fb981988c7dcef, type: 3}
  m_Color: {r: 1, g: 1, b: 1, a: 1}
  m_FlipX: 0
  m_FlipY: 0
  m_DrawMode: 0
  m_Size: {x: 2.14, y: 1.81}
  m_AdaptiveModeThreshold: 0.5
  m_SpriteTileMode: 0
  m_WasSpriteAssigned: 1
  m_MaskInteraction: 0
  m_SpriteSortPoint: 0
--- !u!4 &2079375171
Transform:
  m_ObjectHideFlags: 0
  m_CorrespondingSourceObject: {fileID: 0}
  m_PrefabInstance: {fileID: 0}
  m_PrefabAsset: {fileID: 0}
  m_GameObject: {fileID: 2079375167}
  m_LocalRotation: {x: -0, y: -0, z: 0.15563537, w: -0.98781455}
  m_LocalPosition: {x: 10.05, y: 37.66, z: 0}
  m_LocalScale: {x: 1, y: 1, z: 1}
  m_Children: []
  m_Father: {fileID: 0}
  m_RootOrder: 22
  m_LocalEulerAnglesHint: {x: 0, y: 0, z: -17.907001}
--- !u!1 &2094461116
GameObject:
  m_ObjectHideFlags: 0
  m_CorrespondingSourceObject: {fileID: 0}
  m_PrefabInstance: {fileID: 0}
  m_PrefabAsset: {fileID: 0}
  serializedVersion: 6
  m_Component:
  - component: {fileID: 2094461120}
  - component: {fileID: 2094461119}
  - component: {fileID: 2094461118}
  - component: {fileID: 2094461117}
  m_Layer: 0
  m_Name: rock3 (2)
  m_TagString: Untagged
  m_Icon: {fileID: 0}
  m_NavMeshLayer: 0
  m_StaticEditorFlags: 0
  m_IsActive: 1
--- !u!60 &2094461117
PolygonCollider2D:
  m_ObjectHideFlags: 0
  m_CorrespondingSourceObject: {fileID: 0}
  m_PrefabInstance: {fileID: 0}
  m_PrefabAsset: {fileID: 0}
  m_GameObject: {fileID: 2094461116}
  m_Enabled: 1
  m_Density: 1
  m_Material: {fileID: 0}
  m_IsTrigger: 0
  m_UsedByEffector: 0
  m_UsedByComposite: 0
  m_Offset: {x: 0, y: 0}
  m_SpriteTilingProperty:
    border: {x: 0, y: 0, z: 0, w: 0}
    pivot: {x: 0.5, y: 0.5}
    oldSize: {x: 2.05, y: 1.84}
    newSize: {x: 2.05, y: 1.84}
    adaptiveTilingThreshold: 0.5
    drawMode: 0
    adaptiveTiling: 0
  m_AutoTiling: 0
  m_Points:
    m_Paths:
    - - {x: 0.45499998, y: -0.64}
      - {x: 0.825, y: -0.45}
      - {x: 0.98499995, y: -0.32}
      - {x: 1.005, y: -0.26999998}
      - {x: 1.025, y: -0.19}
      - {x: 1.025, y: 0.31}
      - {x: 0.98499995, y: 0.39}
      - {x: 0.905, y: 0.51}
      - {x: 0.775, y: 0.68}
      - {x: 0.625, y: 0.82}
      - {x: 0.53499997, y: 0.88}
      - {x: 0.42499998, y: 0.91999996}
      - {x: 0.114999995, y: 0.91999996}
      - {x: -0.125, y: 0.81}
      - {x: -0.53499997, y: 0.62}
      - {x: -0.775, y: 0.5}
      - {x: -0.875, y: 0.42}
      - {x: -0.935, y: 0.29}
      - {x: -0.965, y: 0.17999999}
      - {x: -1.005, y: -0.04}
      - {x: -1.025, y: -0.22999999}
      - {x: -1.025, y: -0.76}
      - {x: -0.965, y: -0.84}
      - {x: -0.835, y: -0.89}
      - {x: -0.675, y: -0.91999996}
      - {x: -0.155, y: -0.91999996}
      - {x: -0.145, y: -0.90999997}
      - {x: -0.005, y: -0.88}
      - {x: 0.155, y: -0.78999996}
--- !u!50 &2094461118
Rigidbody2D:
  serializedVersion: 4
  m_ObjectHideFlags: 0
  m_CorrespondingSourceObject: {fileID: 0}
  m_PrefabInstance: {fileID: 0}
  m_PrefabAsset: {fileID: 0}
  m_GameObject: {fileID: 2094461116}
  m_BodyType: 2
  m_Simulated: 1
  m_UseFullKinematicContacts: 0
  m_UseAutoMass: 0
  m_Mass: 1
  m_LinearDrag: 0
  m_AngularDrag: 0.05
  m_GravityScale: 1
  m_Material: {fileID: 0}
  m_Interpolate: 0
  m_SleepingMode: 1
  m_CollisionDetection: 0
  m_Constraints: 0
--- !u!212 &2094461119
SpriteRenderer:
  m_ObjectHideFlags: 0
  m_CorrespondingSourceObject: {fileID: 0}
  m_PrefabInstance: {fileID: 0}
  m_PrefabAsset: {fileID: 0}
  m_GameObject: {fileID: 2094461116}
  m_Enabled: 1
  m_CastShadows: 0
  m_ReceiveShadows: 0
  m_DynamicOccludee: 1
  m_MotionVectors: 1
  m_LightProbeUsage: 1
  m_ReflectionProbeUsage: 1
  m_RayTracingMode: 0
  m_RenderingLayerMask: 1
  m_RendererPriority: 0
  m_Materials:
  - {fileID: 10754, guid: 0000000000000000f000000000000000, type: 0}
  m_StaticBatchInfo:
    firstSubMesh: 0
    subMeshCount: 0
  m_StaticBatchRoot: {fileID: 0}
  m_ProbeAnchor: {fileID: 0}
  m_LightProbeVolumeOverride: {fileID: 0}
  m_ScaleInLightmap: 1
  m_ReceiveGI: 1
  m_PreserveUVs: 0
  m_IgnoreNormalsForChartDetection: 0
  m_ImportantGI: 0
  m_StitchLightmapSeams: 1
  m_SelectedEditorRenderState: 0
  m_MinimumChartSize: 4
  m_AutoUVMaxDistance: 0.5
  m_AutoUVMaxAngle: 89
  m_LightmapParameters: {fileID: 0}
  m_SortingLayerID: 0
  m_SortingLayer: 0
  m_SortingOrder: 0
  m_Sprite: {fileID: 21300000, guid: b643b66d437962a4a8a0ba2756e1d533, type: 3}
  m_Color: {r: 1, g: 1, b: 1, a: 1}
  m_FlipX: 0
  m_FlipY: 0
  m_DrawMode: 0
  m_Size: {x: 2.05, y: 1.84}
  m_AdaptiveModeThreshold: 0.5
  m_SpriteTileMode: 0
  m_WasSpriteAssigned: 1
  m_MaskInteraction: 0
  m_SpriteSortPoint: 0
--- !u!4 &2094461120
Transform:
  m_ObjectHideFlags: 0
  m_CorrespondingSourceObject: {fileID: 0}
  m_PrefabInstance: {fileID: 0}
  m_PrefabAsset: {fileID: 0}
  m_GameObject: {fileID: 2094461116}
  m_LocalRotation: {x: -0, y: -0, z: 0.2318785, w: -0.97274476}
  m_LocalPosition: {x: -11.44, y: 26.57, z: 0}
  m_LocalScale: {x: 1, y: 1, z: 1}
  m_Children: []
  m_Father: {fileID: 0}
  m_RootOrder: 17
  m_LocalEulerAnglesHint: {x: 0, y: 0, z: -26.815}
--- !u!1001 &1124155100767757583
PrefabInstance:
  m_ObjectHideFlags: 0
  serializedVersion: 2
  m_Modification:
    m_TransformParent: {fileID: 0}
    m_Modifications:
    - target: {fileID: 1124155101007476042, guid: 30231c3890de35f4ba8540d94bf65071,
        type: 3}
      propertyPath: m_LocalPosition.x
      value: 0.5
      objectReference: {fileID: 0}
    - target: {fileID: 1124155101007476042, guid: 30231c3890de35f4ba8540d94bf65071,
        type: 3}
      propertyPath: m_LocalPosition.y
      value: 9.1
      objectReference: {fileID: 0}
    - target: {fileID: 1124155101007476042, guid: 30231c3890de35f4ba8540d94bf65071,
        type: 3}
      propertyPath: m_LocalPosition.z
      value: 0
      objectReference: {fileID: 0}
    - target: {fileID: 1124155101007476042, guid: 30231c3890de35f4ba8540d94bf65071,
        type: 3}
      propertyPath: m_LocalRotation.x
      value: -0
      objectReference: {fileID: 0}
    - target: {fileID: 1124155101007476042, guid: 30231c3890de35f4ba8540d94bf65071,
        type: 3}
      propertyPath: m_LocalRotation.y
      value: -0
      objectReference: {fileID: 0}
    - target: {fileID: 1124155101007476042, guid: 30231c3890de35f4ba8540d94bf65071,
        type: 3}
      propertyPath: m_LocalRotation.z
      value: -0
      objectReference: {fileID: 0}
    - target: {fileID: 1124155101007476042, guid: 30231c3890de35f4ba8540d94bf65071,
        type: 3}
      propertyPath: m_LocalRotation.w
      value: 1
      objectReference: {fileID: 0}
    - target: {fileID: 1124155101007476042, guid: 30231c3890de35f4ba8540d94bf65071,
        type: 3}
      propertyPath: m_RootOrder
      value: 13
      objectReference: {fileID: 0}
    - target: {fileID: 1124155101007476042, guid: 30231c3890de35f4ba8540d94bf65071,
        type: 3}
      propertyPath: m_LocalEulerAnglesHint.x
      value: 0
      objectReference: {fileID: 0}
    - target: {fileID: 1124155101007476042, guid: 30231c3890de35f4ba8540d94bf65071,
        type: 3}
      propertyPath: m_LocalEulerAnglesHint.y
      value: 0
      objectReference: {fileID: 0}
    - target: {fileID: 1124155101007476042, guid: 30231c3890de35f4ba8540d94bf65071,
        type: 3}
      propertyPath: m_LocalEulerAnglesHint.z
      value: 0
      objectReference: {fileID: 0}
    - target: {fileID: 1124155101007476043, guid: 30231c3890de35f4ba8540d94bf65071,
        type: 3}
      propertyPath: m_Name
      value: rock1
      objectReference: {fileID: 0}
    m_RemovedComponents: []
  m_SourcePrefab: {fileID: 100100000, guid: 30231c3890de35f4ba8540d94bf65071, type: 3}
--- !u!1001 &1688262800502405171
PrefabInstance:
  m_ObjectHideFlags: 0
  serializedVersion: 2
  m_Modification:
    m_TransformParent: {fileID: 0}
    m_Modifications:
    - target: {fileID: 1688262799225413845, guid: e53d1e6e261717e43a1424d44aff3535,
        type: 3}
      propertyPath: m_LocalPosition.x
      value: -10.612137
      objectReference: {fileID: 0}
    - target: {fileID: 1688262799225413845, guid: e53d1e6e261717e43a1424d44aff3535,
        type: 3}
      propertyPath: m_LocalPosition.y
      value: 16.227285
      objectReference: {fileID: 0}
    - target: {fileID: 1688262799225413845, guid: e53d1e6e261717e43a1424d44aff3535,
        type: 3}
      propertyPath: m_LocalPosition.z
      value: 0
      objectReference: {fileID: 0}
    - target: {fileID: 1688262799225413845, guid: e53d1e6e261717e43a1424d44aff3535,
        type: 3}
      propertyPath: m_LocalRotation.x
      value: -0
      objectReference: {fileID: 0}
    - target: {fileID: 1688262799225413845, guid: e53d1e6e261717e43a1424d44aff3535,
        type: 3}
      propertyPath: m_LocalRotation.y
      value: -0
      objectReference: {fileID: 0}
    - target: {fileID: 1688262799225413845, guid: e53d1e6e261717e43a1424d44aff3535,
        type: 3}
      propertyPath: m_LocalRotation.z
      value: -0
      objectReference: {fileID: 0}
    - target: {fileID: 1688262799225413845, guid: e53d1e6e261717e43a1424d44aff3535,
        type: 3}
      propertyPath: m_LocalRotation.w
      value: 1
      objectReference: {fileID: 0}
    - target: {fileID: 1688262799225413845, guid: e53d1e6e261717e43a1424d44aff3535,
        type: 3}
      propertyPath: m_RootOrder
      value: 12
      objectReference: {fileID: 0}
    - target: {fileID: 1688262799225413845, guid: e53d1e6e261717e43a1424d44aff3535,
        type: 3}
      propertyPath: m_LocalEulerAnglesHint.x
      value: 0
      objectReference: {fileID: 0}
    - target: {fileID: 1688262799225413845, guid: e53d1e6e261717e43a1424d44aff3535,
        type: 3}
      propertyPath: m_LocalEulerAnglesHint.y
      value: 0
      objectReference: {fileID: 0}
    - target: {fileID: 1688262799225413845, guid: e53d1e6e261717e43a1424d44aff3535,
        type: 3}
      propertyPath: m_LocalEulerAnglesHint.z
      value: 0
      objectReference: {fileID: 0}
    - target: {fileID: 1688262799225413846, guid: e53d1e6e261717e43a1424d44aff3535,
        type: 3}
      propertyPath: m_Name
      value: rock2
      objectReference: {fileID: 0}
    m_RemovedComponents: []
  m_SourcePrefab: {fileID: 100100000, guid: e53d1e6e261717e43a1424d44aff3535, type: 3}
--- !u!1001 &3785199206686582648
PrefabInstance:
  m_ObjectHideFlags: 0
  serializedVersion: 2
  m_Modification:
    m_TransformParent: {fileID: 0}
    m_Modifications:
    - target: {fileID: 3785199206571006128, guid: ed34f29edb995e747b6fc54a6b9413a6,
        type: 3}
      propertyPath: m_Name
      value: rock3
      objectReference: {fileID: 0}
    - target: {fileID: 3785199206571006129, guid: ed34f29edb995e747b6fc54a6b9413a6,
        type: 3}
      propertyPath: m_LocalPosition.x
      value: -9.18
      objectReference: {fileID: 0}
    - target: {fileID: 3785199206571006129, guid: ed34f29edb995e747b6fc54a6b9413a6,
        type: 3}
      propertyPath: m_LocalPosition.y
      value: 0.97000027
      objectReference: {fileID: 0}
    - target: {fileID: 3785199206571006129, guid: ed34f29edb995e747b6fc54a6b9413a6,
        type: 3}
      propertyPath: m_LocalPosition.z
      value: 0
      objectReference: {fileID: 0}
    - target: {fileID: 3785199206571006129, guid: ed34f29edb995e747b6fc54a6b9413a6,
        type: 3}
      propertyPath: m_LocalRotation.x
      value: -0
      objectReference: {fileID: 0}
    - target: {fileID: 3785199206571006129, guid: ed34f29edb995e747b6fc54a6b9413a6,
        type: 3}
      propertyPath: m_LocalRotation.y
      value: -0
      objectReference: {fileID: 0}
    - target: {fileID: 3785199206571006129, guid: ed34f29edb995e747b6fc54a6b9413a6,
        type: 3}
      propertyPath: m_LocalRotation.z
      value: -0
      objectReference: {fileID: 0}
    - target: {fileID: 3785199206571006129, guid: ed34f29edb995e747b6fc54a6b9413a6,
        type: 3}
      propertyPath: m_LocalRotation.w
      value: 1
      objectReference: {fileID: 0}
    - target: {fileID: 3785199206571006129, guid: ed34f29edb995e747b6fc54a6b9413a6,
        type: 3}
      propertyPath: m_RootOrder
      value: 11
      objectReference: {fileID: 0}
    - target: {fileID: 3785199206571006129, guid: ed34f29edb995e747b6fc54a6b9413a6,
        type: 3}
      propertyPath: m_LocalEulerAnglesHint.x
      value: 0
      objectReference: {fileID: 0}
    - target: {fileID: 3785199206571006129, guid: ed34f29edb995e747b6fc54a6b9413a6,
        type: 3}
      propertyPath: m_LocalEulerAnglesHint.y
      value: 0
      objectReference: {fileID: 0}
    - target: {fileID: 3785199206571006129, guid: ed34f29edb995e747b6fc54a6b9413a6,
        type: 3}
      propertyPath: m_LocalEulerAnglesHint.z
      value: 0
      objectReference: {fileID: 0}
    m_RemovedComponents: []
  m_SourcePrefab: {fileID: 100100000, guid: ed34f29edb995e747b6fc54a6b9413a6, type: 3}
--- !u!1001 &4575501105108750764
PrefabInstance:
  m_ObjectHideFlags: 0
  serializedVersion: 2
  m_Modification:
    m_TransformParent: {fileID: 0}
    m_Modifications:
    - target: {fileID: 4575501105584761106, guid: 934747cc5d8cb224b8e7831b2cbd01a2,
        type: 3}
      propertyPath: m_Name
      value: rock4
      objectReference: {fileID: 0}
    - target: {fileID: 4575501105584761107, guid: 934747cc5d8cb224b8e7831b2cbd01a2,
        type: 3}
      propertyPath: m_LocalPosition.x
      value: 5.42
      objectReference: {fileID: 0}
    - target: {fileID: 4575501105584761107, guid: 934747cc5d8cb224b8e7831b2cbd01a2,
        type: 3}
      propertyPath: m_LocalPosition.y
      value: 10.39
      objectReference: {fileID: 0}
    - target: {fileID: 4575501105584761107, guid: 934747cc5d8cb224b8e7831b2cbd01a2,
        type: 3}
      propertyPath: m_LocalPosition.z
      value: 0
      objectReference: {fileID: 0}
    - target: {fileID: 4575501105584761107, guid: 934747cc5d8cb224b8e7831b2cbd01a2,
        type: 3}
      propertyPath: m_LocalRotation.x
      value: -0
      objectReference: {fileID: 0}
    - target: {fileID: 4575501105584761107, guid: 934747cc5d8cb224b8e7831b2cbd01a2,
        type: 3}
      propertyPath: m_LocalRotation.y
      value: -0
      objectReference: {fileID: 0}
    - target: {fileID: 4575501105584761107, guid: 934747cc5d8cb224b8e7831b2cbd01a2,
        type: 3}
      propertyPath: m_LocalRotation.z
      value: -0
      objectReference: {fileID: 0}
    - target: {fileID: 4575501105584761107, guid: 934747cc5d8cb224b8e7831b2cbd01a2,
        type: 3}
      propertyPath: m_LocalRotation.w
      value: 1
      objectReference: {fileID: 0}
    - target: {fileID: 4575501105584761107, guid: 934747cc5d8cb224b8e7831b2cbd01a2,
        type: 3}
      propertyPath: m_RootOrder
      value: 10
      objectReference: {fileID: 0}
    - target: {fileID: 4575501105584761107, guid: 934747cc5d8cb224b8e7831b2cbd01a2,
        type: 3}
      propertyPath: m_LocalEulerAnglesHint.x
      value: 0
      objectReference: {fileID: 0}
    - target: {fileID: 4575501105584761107, guid: 934747cc5d8cb224b8e7831b2cbd01a2,
        type: 3}
      propertyPath: m_LocalEulerAnglesHint.y
      value: 0
      objectReference: {fileID: 0}
    - target: {fileID: 4575501105584761107, guid: 934747cc5d8cb224b8e7831b2cbd01a2,
        type: 3}
      propertyPath: m_LocalEulerAnglesHint.z
      value: 0
      objectReference: {fileID: 0}
    m_RemovedComponents: []
  m_SourcePrefab: {fileID: 100100000, guid: 934747cc5d8cb224b8e7831b2cbd01a2, type: 3}
--- !u!1001 &4864532975562772986
PrefabInstance:
  m_ObjectHideFlags: 0
  serializedVersion: 2
  m_Modification:
    m_TransformParent: {fileID: 0}
    m_Modifications:
    - target: {fileID: 4864532974986973304, guid: d6c4bd8925454a44fa36b0d3a24452a8,
        type: 3}
      propertyPath: m_Name
      value: rock8
      objectReference: {fileID: 0}
    - target: {fileID: 4864532974986973305, guid: d6c4bd8925454a44fa36b0d3a24452a8,
        type: 3}
      propertyPath: m_LocalPosition.x
      value: -4
      objectReference: {fileID: 0}
    - target: {fileID: 4864532974986973305, guid: d6c4bd8925454a44fa36b0d3a24452a8,
        type: 3}
      propertyPath: m_LocalPosition.y
      value: 11.9
      objectReference: {fileID: 0}
    - target: {fileID: 4864532974986973305, guid: d6c4bd8925454a44fa36b0d3a24452a8,
        type: 3}
      propertyPath: m_LocalPosition.z
      value: 0
      objectReference: {fileID: 0}
    - target: {fileID: 4864532974986973305, guid: d6c4bd8925454a44fa36b0d3a24452a8,
        type: 3}
      propertyPath: m_LocalRotation.x
      value: -0
      objectReference: {fileID: 0}
    - target: {fileID: 4864532974986973305, guid: d6c4bd8925454a44fa36b0d3a24452a8,
        type: 3}
      propertyPath: m_LocalRotation.y
      value: -0
      objectReference: {fileID: 0}
    - target: {fileID: 4864532974986973305, guid: d6c4bd8925454a44fa36b0d3a24452a8,
        type: 3}
      propertyPath: m_LocalRotation.z
      value: -0
      objectReference: {fileID: 0}
    - target: {fileID: 4864532974986973305, guid: d6c4bd8925454a44fa36b0d3a24452a8,
        type: 3}
      propertyPath: m_LocalRotation.w
      value: 1
      objectReference: {fileID: 0}
    - target: {fileID: 4864532974986973305, guid: d6c4bd8925454a44fa36b0d3a24452a8,
        type: 3}
      propertyPath: m_RootOrder
      value: 6
      objectReference: {fileID: 0}
    - target: {fileID: 4864532974986973305, guid: d6c4bd8925454a44fa36b0d3a24452a8,
        type: 3}
      propertyPath: m_LocalEulerAnglesHint.x
      value: 0
      objectReference: {fileID: 0}
    - target: {fileID: 4864532974986973305, guid: d6c4bd8925454a44fa36b0d3a24452a8,
        type: 3}
      propertyPath: m_LocalEulerAnglesHint.y
      value: 0
      objectReference: {fileID: 0}
    - target: {fileID: 4864532974986973305, guid: d6c4bd8925454a44fa36b0d3a24452a8,
        type: 3}
      propertyPath: m_LocalEulerAnglesHint.z
      value: 0
      objectReference: {fileID: 0}
    m_RemovedComponents: []
  m_SourcePrefab: {fileID: 100100000, guid: d6c4bd8925454a44fa36b0d3a24452a8, type: 3}
--- !u!1001 &5023249290128682773
PrefabInstance:
  m_ObjectHideFlags: 0
  serializedVersion: 2
  m_Modification:
    m_TransformParent: {fileID: 0}
    m_Modifications:
    - target: {fileID: 5023249289719962661, guid: d009e5d44c5a8f54c989f0728590220b,
        type: 3}
      propertyPath: m_LocalPosition.x
      value: -1.51
      objectReference: {fileID: 0}
    - target: {fileID: 5023249289719962661, guid: d009e5d44c5a8f54c989f0728590220b,
        type: 3}
      propertyPath: m_LocalPosition.y
      value: 21.76
      objectReference: {fileID: 0}
    - target: {fileID: 5023249289719962661, guid: d009e5d44c5a8f54c989f0728590220b,
        type: 3}
      propertyPath: m_LocalPosition.z
      value: 0
      objectReference: {fileID: 0}
    - target: {fileID: 5023249289719962661, guid: d009e5d44c5a8f54c989f0728590220b,
        type: 3}
      propertyPath: m_LocalRotation.x
      value: -0
      objectReference: {fileID: 0}
    - target: {fileID: 5023249289719962661, guid: d009e5d44c5a8f54c989f0728590220b,
        type: 3}
      propertyPath: m_LocalRotation.y
      value: -0
      objectReference: {fileID: 0}
    - target: {fileID: 5023249289719962661, guid: d009e5d44c5a8f54c989f0728590220b,
        type: 3}
      propertyPath: m_LocalRotation.z
      value: 0.50984037
      objectReference: {fileID: 0}
    - target: {fileID: 5023249289719962661, guid: d009e5d44c5a8f54c989f0728590220b,
        type: 3}
      propertyPath: m_LocalRotation.w
      value: -0.86026907
      objectReference: {fileID: 0}
    - target: {fileID: 5023249289719962661, guid: d009e5d44c5a8f54c989f0728590220b,
        type: 3}
      propertyPath: m_RootOrder
      value: 8
      objectReference: {fileID: 0}
    - target: {fileID: 5023249289719962661, guid: d009e5d44c5a8f54c989f0728590220b,
        type: 3}
      propertyPath: m_LocalEulerAnglesHint.x
      value: 0
      objectReference: {fileID: 0}
    - target: {fileID: 5023249289719962661, guid: d009e5d44c5a8f54c989f0728590220b,
        type: 3}
      propertyPath: m_LocalEulerAnglesHint.y
      value: 0
      objectReference: {fileID: 0}
    - target: {fileID: 5023249289719962661, guid: d009e5d44c5a8f54c989f0728590220b,
        type: 3}
      propertyPath: m_LocalEulerAnglesHint.z
      value: -61.306004
      objectReference: {fileID: 0}
    - target: {fileID: 5023249289719962682, guid: d009e5d44c5a8f54c989f0728590220b,
        type: 3}
      propertyPath: m_Name
      value: rock6
      objectReference: {fileID: 0}
    m_RemovedComponents: []
  m_SourcePrefab: {fileID: 100100000, guid: d009e5d44c5a8f54c989f0728590220b, type: 3}
--- !u!1001 &6302718185254052845
PrefabInstance:
  m_ObjectHideFlags: 0
  serializedVersion: 2
  m_Modification:
    m_TransformParent: {fileID: 0}
    m_Modifications:
    - target: {fileID: 6302718184723968414, guid: 04807ab21e50c7d4b8cb4ff1b6d75673,
        type: 3}
      propertyPath: m_LocalPosition.x
      value: -9.77
      objectReference: {fileID: 0}
    - target: {fileID: 6302718184723968414, guid: 04807ab21e50c7d4b8cb4ff1b6d75673,
        type: 3}
      propertyPath: m_LocalPosition.y
      value: 3.9099998
      objectReference: {fileID: 0}
    - target: {fileID: 6302718184723968414, guid: 04807ab21e50c7d4b8cb4ff1b6d75673,
        type: 3}
      propertyPath: m_LocalPosition.z
      value: 0
      objectReference: {fileID: 0}
    - target: {fileID: 6302718184723968414, guid: 04807ab21e50c7d4b8cb4ff1b6d75673,
        type: 3}
      propertyPath: m_LocalRotation.x
      value: -0
      objectReference: {fileID: 0}
    - target: {fileID: 6302718184723968414, guid: 04807ab21e50c7d4b8cb4ff1b6d75673,
        type: 3}
      propertyPath: m_LocalRotation.y
      value: -0
      objectReference: {fileID: 0}
    - target: {fileID: 6302718184723968414, guid: 04807ab21e50c7d4b8cb4ff1b6d75673,
        type: 3}
      propertyPath: m_LocalRotation.z
      value: 0.07957165
      objectReference: {fileID: 0}
    - target: {fileID: 6302718184723968414, guid: 04807ab21e50c7d4b8cb4ff1b6d75673,
        type: 3}
      propertyPath: m_LocalRotation.w
      value: -0.99682915
      objectReference: {fileID: 0}
    - target: {fileID: 6302718184723968414, guid: 04807ab21e50c7d4b8cb4ff1b6d75673,
        type: 3}
      propertyPath: m_RootOrder
      value: 7
      objectReference: {fileID: 0}
    - target: {fileID: 6302718184723968414, guid: 04807ab21e50c7d4b8cb4ff1b6d75673,
        type: 3}
      propertyPath: m_LocalEulerAnglesHint.x
      value: 0
      objectReference: {fileID: 0}
    - target: {fileID: 6302718184723968414, guid: 04807ab21e50c7d4b8cb4ff1b6d75673,
        type: 3}
      propertyPath: m_LocalEulerAnglesHint.y
      value: 0
      objectReference: {fileID: 0}
    - target: {fileID: 6302718184723968414, guid: 04807ab21e50c7d4b8cb4ff1b6d75673,
        type: 3}
      propertyPath: m_LocalEulerAnglesHint.z
      value: -9.128
      objectReference: {fileID: 0}
    - target: {fileID: 6302718184723968415, guid: 04807ab21e50c7d4b8cb4ff1b6d75673,
        type: 3}
      propertyPath: m_Name
      value: rock7
      objectReference: {fileID: 0}
    m_RemovedComponents: []
  m_SourcePrefab: {fileID: 100100000, guid: 04807ab21e50c7d4b8cb4ff1b6d75673, type: 3}
--- !u!1001 &7065072955978887681
PrefabInstance:
  m_ObjectHideFlags: 0
  serializedVersion: 2
  m_Modification:
    m_TransformParent: {fileID: 0}
    m_Modifications:
    - target: {fileID: 7065072956090379371, guid: 2d744348578152e4e980f9dcf80d3c36,
        type: 3}
      propertyPath: m_Name
      value: Tick
      objectReference: {fileID: 0}
    - target: {fileID: 7065072956090379373, guid: 2d744348578152e4e980f9dcf80d3c36,
        type: 3}
      propertyPath: m_LocalPosition.x
      value: 4.98
      objectReference: {fileID: 0}
    - target: {fileID: 7065072956090379373, guid: 2d744348578152e4e980f9dcf80d3c36,
        type: 3}
      propertyPath: m_LocalPosition.y
      value: 2.93
      objectReference: {fileID: 0}
    - target: {fileID: 7065072956090379373, guid: 2d744348578152e4e980f9dcf80d3c36,
        type: 3}
      propertyPath: m_LocalPosition.z
      value: 0
      objectReference: {fileID: 0}
    - target: {fileID: 7065072956090379373, guid: 2d744348578152e4e980f9dcf80d3c36,
        type: 3}
      propertyPath: m_LocalRotation.x
      value: 0
      objectReference: {fileID: 0}
    - target: {fileID: 7065072956090379373, guid: 2d744348578152e4e980f9dcf80d3c36,
        type: 3}
      propertyPath: m_LocalRotation.y
      value: 0
      objectReference: {fileID: 0}
    - target: {fileID: 7065072956090379373, guid: 2d744348578152e4e980f9dcf80d3c36,
        type: 3}
      propertyPath: m_LocalRotation.z
      value: 0
      objectReference: {fileID: 0}
    - target: {fileID: 7065072956090379373, guid: 2d744348578152e4e980f9dcf80d3c36,
        type: 3}
      propertyPath: m_LocalRotation.w
      value: 1
      objectReference: {fileID: 0}
    - target: {fileID: 7065072956090379373, guid: 2d744348578152e4e980f9dcf80d3c36,
        type: 3}
      propertyPath: m_RootOrder
      value: 3
      objectReference: {fileID: 0}
    - target: {fileID: 7065072956090379373, guid: 2d744348578152e4e980f9dcf80d3c36,
        type: 3}
      propertyPath: m_LocalEulerAnglesHint.x
      value: 0
      objectReference: {fileID: 0}
    - target: {fileID: 7065072956090379373, guid: 2d744348578152e4e980f9dcf80d3c36,
        type: 3}
      propertyPath: m_LocalEulerAnglesHint.y
      value: 0
      objectReference: {fileID: 0}
    - target: {fileID: 7065072956090379373, guid: 2d744348578152e4e980f9dcf80d3c36,
        type: 3}
      propertyPath: m_LocalEulerAnglesHint.z
      value: 0
      objectReference: {fileID: 0}
    - target: {fileID: 7425866825755605196, guid: 2d744348578152e4e980f9dcf80d3c36,
        type: 3}
      propertyPath: _hitPoints
      value: 300
      objectReference: {fileID: 0}
    m_RemovedComponents: []
  m_SourcePrefab: {fileID: 100100000, guid: 2d744348578152e4e980f9dcf80d3c36, type: 3}
--- !u!1001 &7168619368458236246
PrefabInstance:
  m_ObjectHideFlags: 0
  serializedVersion: 2
  m_Modification:
    m_TransformParent: {fileID: 0}
    m_Modifications:
    - target: {fileID: 7168619368178913480, guid: 95784863bd559224493825e6d2805398,
        type: 3}
      propertyPath: m_Name
      value: rock5
      objectReference: {fileID: 0}
    - target: {fileID: 7168619368178913481, guid: 95784863bd559224493825e6d2805398,
        type: 3}
      propertyPath: m_LocalPosition.x
      value: -2.6421373
      objectReference: {fileID: 0}
    - target: {fileID: 7168619368178913481, guid: 95784863bd559224493825e6d2805398,
        type: 3}
      propertyPath: m_LocalPosition.y
      value: 18.417286
      objectReference: {fileID: 0}
    - target: {fileID: 7168619368178913481, guid: 95784863bd559224493825e6d2805398,
        type: 3}
      propertyPath: m_LocalPosition.z
      value: 0
      objectReference: {fileID: 0}
    - target: {fileID: 7168619368178913481, guid: 95784863bd559224493825e6d2805398,
        type: 3}
      propertyPath: m_LocalRotation.x
      value: -0
      objectReference: {fileID: 0}
    - target: {fileID: 7168619368178913481, guid: 95784863bd559224493825e6d2805398,
        type: 3}
      propertyPath: m_LocalRotation.y
      value: -0
      objectReference: {fileID: 0}
    - target: {fileID: 7168619368178913481, guid: 95784863bd559224493825e6d2805398,
        type: 3}
      propertyPath: m_LocalRotation.z
      value: -0
      objectReference: {fileID: 0}
    - target: {fileID: 7168619368178913481, guid: 95784863bd559224493825e6d2805398,
        type: 3}
      propertyPath: m_LocalRotation.w
      value: 1
      objectReference: {fileID: 0}
    - target: {fileID: 7168619368178913481, guid: 95784863bd559224493825e6d2805398,
        type: 3}
      propertyPath: m_RootOrder
      value: 9
      objectReference: {fileID: 0}
    - target: {fileID: 7168619368178913481, guid: 95784863bd559224493825e6d2805398,
        type: 3}
      propertyPath: m_LocalEulerAnglesHint.x
      value: 0
      objectReference: {fileID: 0}
    - target: {fileID: 7168619368178913481, guid: 95784863bd559224493825e6d2805398,
        type: 3}
      propertyPath: m_LocalEulerAnglesHint.y
      value: 0
      objectReference: {fileID: 0}
    - target: {fileID: 7168619368178913481, guid: 95784863bd559224493825e6d2805398,
        type: 3}
      propertyPath: m_LocalEulerAnglesHint.z
      value: 0
      objectReference: {fileID: 0}
    m_RemovedComponents: []
  m_SourcePrefab: {fileID: 100100000, guid: 95784863bd559224493825e6d2805398, type: 3}
